<?xml version="1.0" encoding="UTF-8"?>
<!DOCTYPE html PUBLIC "-//W3C//DTD XHTML 1.0 Transitional//EN"
    "http://www.w3.org/TR/xhtml1/DTD/xhtml1-transitional.dtd">
<html xmlns="http://www.w3.org/1999/xhtml" xml:lang="en" lang="en">
 <head>
  <title>
</title>
<meta http-equiv="Content-Type" content="text/html;charset=utf-8" />
  <meta name='ocr-system' content='tesseract 3.04.00' />
  <meta name='ocr-capabilities' content='ocr_page ocr_carea ocr_par ocr_line ocrx_word'/>
</head>
<body>
  <div class='ocr_page' id='page_1' title='image "./marcusdelingua00varruoft_0258.png"; bbox 0 0 2176 3386; ppageno 0'>
   <div class='ocr_carea' id='block_1_1' title="bbox 294 111 1682 156">
    <p class='ocr_par' dir='ltr' id='par_1_1' title="bbox 294 111 1682 156">
     <span class='ocr_line' id='line_1_1' title="bbox 294 111 1682 156; baseline 0.001 -9"><span class='ocrx_word' id='word_1_1' title='bbox 294 113 383 156; x_wconf 86' lang='lat'>200</span> <span class='ocrx_word' id='word_1_2' title='bbox 645 112 965 155; x_wconf 81' lang='lat' dir='ltr'>RELIQVORVM</span> <span class='ocrx_word' id='word_1_3' title='bbox 989 111 1054 146; x_wconf 83' lang='lat' dir='ltr'>DE</span> <span class='ocrx_word' id='word_1_4' title='bbox 1081 111 1405 148; x_wconf 80' lang='lat' dir='ltr'>GRAMMATIOA</span> <span class='ocrx_word' id='word_1_5' title='bbox 1430 112 1682 149; x_wconf 83' lang='lat' dir='ltr'>LIBRORVM</span> 
     </span>
    </p>
   </div>
   <div class='ocr_carea' id='block_1_2' title="bbox 295 220 2094 1343">
    <p class='ocr_par' dir='ltr' id='par_1_2' title="bbox 295 220 2037 488">
     <span class='ocr_line' id='line_1_2' title="bbox 295 220 2037 277; baseline 0 -13"><span class='ocrx_word' id='word_1_6' title='bbox 295 220 428 264; x_wconf 65' lang='lat'>*³⁸42</span> <span class='ocrx_word' id='word_1_7' title='bbox 473 221 720 264; x_wconf 82' lang='lat' dir='ltr'>Palamedes</span> <span class='ocrx_word' id='word_1_8' title='bbox 750 255 756 262; x_wconf 97' lang='lat'>.</span> <span class='ocrx_word' id='word_1_9' title='bbox 779 255 785 262; x_wconf 94' lang='lat'>.</span> <span class='ocrx_word' id='word_1_10' title='bbox 809 255 816 262; x_wconf 92' lang='lat'>.</span> <span class='ocrx_word' id='word_1_11' title='bbox 844 223 886 262; x_wconf 89' lang='lat' dir='ltr'>et</span> <span class='ocrx_word' id='word_1_12' title='bbox 916 221 1106 263; x_wconf 87' lang='lat' dir='ltr'>tabulam</span> <span class='ocrx_word' id='word_1_13' title='bbox 1138 220 1229 276; x_wconf 90' lang='lat' dir='ltr'>ipse</span> <span class='ocrx_word' id='word_1_14' title='bbox 1260 221 1423 263; x_wconf 83' lang='lat' dir='ltr'>invenit</span> <span class='ocrx_word' id='word_1_15' title='bbox 1454 221 1507 262; x_wconf 88' lang='lat' dir='ltr'>ad</span> <span class='ocrx_word' id='word_1_16' title='bbox 1536 221 1875 277; x_wconf 87' lang='lat' dir='ltr'>comprimendas</span> <span class='ocrx_word' id='word_1_17' title='bbox 1908 222 2037 265; x_wconf 89' lang='lat' dir='ltr'>otiosi</span> 
     </span>
     <span class='ocr_line' id='line_1_3' title="bbox 511 291 2036 348; baseline 0.001 -14"><span class='ocrx_word' id='word_1_18' title='bbox 511 291 740 334; x_wconf 75' lang='lat' dir='ltr'>seditiones</span> <span class='ocrx_word' id='word_1_19' title='bbox 772 291 981 334; x_wconf 86' lang='lat' dir='ltr'>exercitus</span> <span class='ocrx_word' id='word_1_20' title='bbox 1115 291 1347 333; x_wconf 90' lang='lat' dir='ltr'>secundum</span> <span class='ocrx_word' id='word_1_21' title='bbox 1382 291 1589 346; x_wconf 85' lang='lat' dir='ltr'>quosdam</span> <span class='ocrx_word' id='word_1_22' title='bbox 1626 292 1717 348; x_wconf 89' lang='lat' dir='ltr'>ipse</span> <span class='ocrx_word' id='word_1_23' title='bbox 1748 293 1939 348; x_wconf 16' lang='lat' dir='ltr'>repperit,</span> <span class='ocrx_word' id='word_1_24' title='bbox 1965 293 2036 336; x_wconf 88' lang='lat' dir='ltr'>lit-</span> 
     </span>
     <span class='ocr_line' id='line_1_4' title="bbox 510 354 2036 417; baseline 0 -12"><span class='ocrx_word' id='word_1_25' title='bbox 510 366 635 405; x_wconf 78' lang='lat' dir='ltr'>teras.</span> <span class='ocrx_word' id='word_1_26' title='bbox 686 377 793 417; x_wconf 88' lang='lat' dir='ltr'>quae</span> <span class='ocrx_word' id='word_1_27' title='bbox 818 377 885 404; x_wconf 89' lang='lat' dir='ltr'>res</span> <span class='ocrx_word' id='word_1_28' title='bbox 916 362 1028 404; x_wconf 87' lang='lat' dir='ltr'>forte</span> <span class='ocrx_word' id='word_1_29' title='bbox 1054 362 1110 403; x_wconf 88' lang='lat' dir='ltr'>sit</span> <span class='ocrx_word' id='word_1_30' title='bbox 1136 361 1275 416; x_wconf 87' lang='lat' dir='ltr'>dubia,</span> <span class='ocrx_word' id='word_1_31' title='bbox 1306 365 1450 404; x_wconf 89' lang='lat' dir='ltr'>tamen</span> <span class='ocrx_word' id='word_1_32' title='bbox 1481 365 1642 405; x_wconf 91' lang='lat' dir='ltr'>certum</span> <span class='ocrx_word' id='word_1_33' title='bbox 1675 365 1738 404; x_wconf 90' lang='lat' dir='ltr'>est</span> <span class='ocrx_word' id='word_1_34' title='bbox 1771 366 1845 405; x_wconf 77' lang='lat' dir='ltr'>*X</span> <span class='ocrx_word' id='word_1_35' title='bbox 1870 354 1929 404; x_wconf 67' lang='lat' dir='ltr'>ab¹</span> <span class='ocrx_word' id='word_1_36' title='bbox 1953 363 2036 405; x_wconf 94' lang='lat' dir='ltr'>hoc</span> 
     </span>
     <span class='ocr_line' id='line_1_5' title="bbox 510 432 1212 488; baseline -0.003 -12"><span class='ocrx_word' id='word_1_37' title='bbox 510 435 705 476; x_wconf 86' lang='lat' dir='ltr'>inventas</span> <span class='ocrx_word' id='word_1_38' title='bbox 737 447 834 475; x_wconf 91' lang='lat' dir='ltr'>cum</span> <span class='ocrx_word' id='word_1_39' title='bbox 866 432 908 474; x_wconf 91' lang='lat' dir='ltr'><strong>H</strong></span> <span class='ocrx_word' id='word_1_40' title='bbox 940 433 1212 488; x_wconf 85' lang='lat' dir='ltr'>aspiratione.</span> 
     </span>
    </p>

    <p class='ocr_par' dir='ltr' id='par_1_3' title="bbox 305 502 2094 1130">
     <span class='ocr_line' id='line_1_6' title="bbox 305 502 2091 562; baseline 0.001 -15"><span class='ocrx_word' id='word_1_41' title='bbox 305 505 425 548; x_wconf 60' lang='lat'><strong><em>*²³43</em></strong></span> <span class='ocrx_word' id='word_1_42' title='bbox 452 503 558 562; x_wconf 82' lang='lat'>(105</span> <span class='ocrx_word' id='word_1_43' title='bbox 581 505 698 560; x_wconf 79' lang='lat'>[241.</span> <span class='ocrx_word' id='word_1_44' title='bbox 719 502 856 561; x_wconf 81' lang='lat'>240]).</span> <span class='ocrx_word' id='word_1_45' title='bbox 900 503 1038 546; x_wconf 89' lang='lat' dir='ltr'>Varro</span> <span class='ocrx_word' id='word_1_46' title='bbox 1072 503 1175 546; x_wconf 89' lang='lat' dir='ltr'>dicit</span> <span class='ocrx_word' id='word_1_47' title='bbox 1209 505 1489 546; x_wconf 86' lang='lat' dir='ltr'>consonantes</span> <span class='ocrx_word' id='word_1_48' title='bbox 1515 504 1567 546; x_wconf 91' lang='lat' dir='ltr'>ab</span> <span class='ocrx_word' id='word_1_49' title='bbox 1594 504 1631 546; x_wconf 98' lang='grc' dir='ltr'>Ε</span> <span class='ocrx_word' id='word_1_50' title='bbox 1659 504 1808 546; x_wconf 90' lang='lat' dir='ltr'>debere</span> <span class='ocrx_word' id='word_1_51' title='bbox 1840 505 2037 560; x_wconf 84' lang='lat' dir='ltr'>incipere,</span> <span class='ocrx_word' id='word_1_52' title='bbox 2074 521 2091 548; x_wconf 70' lang='lat' dir='ltr'>s</span> 
     </span>
     <span class='ocr_line' id='line_1_7' title="bbox 513 574 2037 631; baseline 0 -13"><span class='ocrx_word' id='word_1_53' title='bbox 513 590 621 631; x_wconf 88' lang='lat' dir='ltr'>quae</span> <span class='ocrx_word' id='word_1_54' title='bbox 654 575 929 618; x_wconf 82' lang='lat' dir='ltr'>semivocales</span> <span class='ocrx_word' id='word_1_55' title='bbox 963 577 1074 629; x_wconf 83' lang='lat' dir='ltr'>sunt,</span> <span class='ocrx_word' id='word_1_56' title='bbox 1113 577 1154 616; x_wconf 90' lang='lat' dir='ltr'>et</span> <span class='ocrx_word' id='word_1_57' title='bbox 1191 576 1237 617; x_wconf 91' lang='lat' dir='ltr'>in</span> <span class='ocrx_word' id='word_1_58' title='bbox 1267 574 1303 616; x_wconf 92' lang='grc' dir='ltr'>Ε</span> <span class='ocrx_word' id='word_1_59' title='bbox 1338 575 1490 617; x_wconf 87' lang='lat' dir='ltr'>debere</span> <span class='ocrx_word' id='word_1_60' title='bbox 1522 575 1725 630; x_wconf 82' lang='lat' dir='ltr'>desinere,</span> <span class='ocrx_word' id='word_1_61' title='bbox 1756 589 1863 630; x_wconf 88' lang='lat' dir='ltr'>quae</span> <span class='ocrx_word' id='word_1_62' title='bbox 1894 577 2037 618; x_wconf 84' lang='lat' dir='ltr'>mutae</span> 
     </span>
     <span class='ocr_line' id='line_1_8' title="bbox 512 645 2039 701; baseline -0.001 -12"><span class='ocrx_word' id='word_1_63' title='bbox 512 650 622 690; x_wconf 88' lang='lat' dir='ltr'>sunt.</span> <span class='ocrx_word' id='word_1_64' title='bbox 667 646 762 689; x_wconf 92' lang='lat' dir='ltr'>ideo</span> <span class='ocrx_word' id='word_1_65' title='bbox 790 646 889 688; x_wconf 90' lang='lat' dir='ltr'>illae</span> <span class='ocrx_word' id='word_1_66' title='bbox 918 660 1025 701; x_wconf 86' lang='lat' dir='ltr'>quae</span> <span class='ocrx_word' id='word_1_67' title='bbox 1051 661 1138 688; x_wconf 91' lang='lat' dir='ltr'>non</span> <span class='ocrx_word' id='word_1_68' title='bbox 1162 646 1214 688; x_wconf 89' lang='lat' dir='ltr'>ab</span> <span class='ocrx_word' id='word_1_69' title='bbox 1241 645 1277 687; x_wconf 83' lang='lat' dir='ltr'>E</span> <span class='ocrx_word' id='word_1_70' title='bbox 1305 645 1517 701; x_wconf 87' lang='lat' dir='ltr'>incipiunt</span> <span class='ocrx_word' id='word_1_71' title='bbox 1541 660 1678 701; x_wconf 90' lang='lat' dir='ltr'>neque</span> <span class='ocrx_word' id='word_1_72' title='bbox 1705 646 1750 688; x_wconf 88' lang='lat' dir='ltr'>in</span> <span class='ocrx_word' id='word_1_73' title='bbox 1774 646 1811 687; x_wconf 91' lang='grc' dir='ltr'>Ε</span> <span class='ocrx_word' id='word_1_74' title='bbox 1838 646 2039 689; x_wconf 83' lang='lat' dir='ltr'>desinunt</span> 
     </span>
     <span class='ocr_line' id='line_1_9' title="bbox 510 716 2039 774; baseline -0.001 -14"><span class='ocrx_word' id='word_1_75' title='bbox 510 721 693 774; x_wconf 87' lang='lat' dir='ltr'>possunt</span> <span class='ocrx_word' id='word_1_76' title='bbox 729 718 820 773; x_wconf 86' lang='lat' dir='ltr'>pati</span> <span class='ocrx_word' id='word_1_77' title='bbox 858 717 1134 772; x_wconf 87' lang='lat' dir='ltr'>calumniam,</span> <span class='ocrx_word' id='word_1_78' title='bbox 1174 720 1223 759; x_wconf 87' lang='lat' dir='ltr'>ut</span> <span class='ocrx_word' id='word_1_79' title='bbox 1259 731 1338 759; x_wconf 86' lang='lat' dir='ltr'>nec</span> <span class='ocrx_word' id='word_1_80' title='bbox 1374 717 1543 759; x_wconf 84' lang='lat' dir='ltr'>litterae</span> <span class='ocrx_word' id='word_1_81' title='bbox 1580 716 1805 760; x_wconf 89' lang='lat' dir='ltr'>videantur</span> <span class='ocrx_word' id='word_1_82' title='bbox 1841 719 1915 759; x_wconf 85' lang='lat' dir='ltr'>aut</span> <span class='ocrx_word' id='word_1_83' title='bbox 1950 731 2039 759; x_wconf 90' lang='lat' dir='ltr'>non</span> 
     </span>
     <span class='ocr_line' id='line_1_10' title="bbox 510 787 2038 845; baseline -0.001 -13"><span class='ocrx_word' id='word_1_84' title='bbox 510 790 597 832; x_wconf 87' lang='lat' dir='ltr'>sint</span> <span class='ocrx_word' id='word_1_85' title='bbox 627 789 900 845; x_wconf 83' lang='lat' dir='ltr'>necessariae,</span> <span class='ocrx_word' id='word_1_86' title='bbox 932 791 981 830; x_wconf 88' lang='lat' dir='ltr'>ut</span> <span class='ocrx_word' id='word_1_87' title='bbox 1012 791 1113 831; x_wconf 89' lang='lat' dir='ltr'>sunt</span> <span class='ocrx_word' id='word_1_88' title='bbox 1144 788 1189 831; x_wconf 90' lang='lat' dir='ltr'>in</span> <span class='ocrx_word' id='word_1_89' title='bbox 1221 788 1545 831; x_wconf 85' lang='lat' dir='ltr'>semivocalibus</span> <span class='ocrx_word' id='word_1_90' title='bbox 1577 788 1616 830; x_wconf 94' lang='lat' dir='ltr'>X</span> <span class='ocrx_word' id='word_1_91' title='bbox 1648 791 1690 830; x_wconf 88' lang='lat' dir='ltr'>et</span> <span class='ocrx_word' id='word_1_92' title='bbox 1718 787 1762 830; x_wconf 90' lang='lat' dir='ltr'>Z.</span> <span class='ocrx_word' id='word_1_93' title='bbox 1806 802 1894 831; x_wconf 91' lang='lat' dir='ltr'>non</span> <span class='ocrx_word' id='word_1_94' title='bbox 1925 788 2038 840; x_wconf 81' lang='lat' dir='ltr'>enim</span> 
     </span>
     <span class='ocr_line' id='line_1_11' title="bbox 510 859 2094 915; baseline 0 -12"><span class='ocrx_word' id='word_1_95' title='bbox 510 863 610 903; x_wconf 85' lang='lat' dir='ltr'>sunt</span> <span class='ocrx_word' id='word_1_96' title='bbox 647 859 924 903; x_wconf 84' lang='lat' dir='ltr'>necessariae:</span> <span class='ocrx_word' id='word_1_97' title='bbox 961 874 1060 901; x_wconf 88' lang='lat' dir='ltr'>nam</span> <span class='ocrx_word' id='word_1_98' title='bbox 1099 859 1288 915; x_wconf 89' lang='lat' dir='ltr'>duplices</span> <span class='ocrx_word' id='word_1_99' title='bbox 1326 862 1442 915; x_wconf 84' lang='lat' dir='ltr'>sunt,</span> <span class='ocrx_word' id='word_1_100' title='bbox 1481 859 1580 914; x_wconf 86' lang='lat' dir='ltr'>quia</span> <span class='ocrx_word' id='word_1_101' title='bbox 1617 874 1668 901; x_wconf 85' lang='lat' dir='ltr'>ex</span> <span class='ocrx_word' id='word_1_102' title='bbox 1699 859 1850 915; x_wconf 84' lang='lat' dir='ltr'>ali&lt;i&gt;s</span> <span class='ocrx_word' id='word_1_103' title='bbox 1879 859 2039 902; x_wconf 85' lang='lat' dir='ltr'>litteris</span> <span class='ocrx_word' id='word_1_104' title='bbox 2058 876 2094 903; x_wconf 80' lang='lat' dir='ltr'>m</span> 
     </span>
     <span class='ocr_line' id='line_1_12' title="bbox 509 930 2038 987; baseline -0.001 -13"><span class='ocrx_word' id='word_1_105' title='bbox 509 932 603 974; x_wconf 88' lang='lat' dir='ltr'>fieri</span> <span class='ocrx_word' id='word_1_106' title='bbox 633 934 824 987; x_wconf 88' lang='lat' dir='ltr'>possunt.</span> <span class='ocrx_word' id='word_1_107' title='bbox 875 945 927 972; x_wconf 86' lang='lat' dir='ltr'>ex</span> <span class='ocrx_word' id='word_1_108' title='bbox 953 930 1084 972; x_wconf 88' lang='lat' dir='ltr'>mutis</span> <span class='ocrx_word' id='word_1_109' title='bbox 1115 932 1389 973; x_wconf 72' lang='lat' dir='ltr'>removentur</span> <span class='ocrx_word' id='word_1_110' title='bbox 1420 933 1599 986; x_wconf 87' lang='lat' dir='ltr'>propter·</span> <span class='ocrx_word' id='word_1_111' title='bbox 1623 930 1740 972; x_wconf 85' lang='lat' dir='ltr'>illam</span> <span class='ocrx_word' id='word_1_112' title='bbox 1773 945 1900 986; x_wconf 91' lang='lat' dir='ltr'>quam</span> <span class='ocrx_word' id='word_1_113' title='bbox 1932 930 2038 973; x_wconf 88' lang='lat' dir='ltr'>dixi·</span> 
     </span>
     <span class='ocr_line' id='line_1_13' title="bbox 509 1000 2037 1057; baseline -0.002 -12"><span class='ocrx_word' id='word_1_114' title='bbox 509 1018 603 1045; x_wconf 90' lang='lat' dir='ltr'>mus</span> <span class='ocrx_word' id='word_1_115' title='bbox 634 1003 843 1044; x_wconf 88' lang='lat' dir='ltr'>rationem</span> <span class='ocrx_word' id='word_1_116' title='bbox 870 1000 1016 1051; x_wconf 86' lang='lat' dir='ltr'>HKQ</span> <span class='ocrx_word' id='word_1_117' title='bbox 1037 1016 1046 1043; x_wconf 78' lang='grc' dir='ltr'><strong><em>ε</em></strong></span> <span class='ocrx_word' id='word_1_118' title='bbox 1066 1000 1126 1056; x_wconf 89' lang='lat' dir='ltr'>H,</span> <span class='ocrx_word' id='word_1_119' title='bbox 1164 1001 1278 1055; x_wconf 93' lang='lat' dir='ltr'>quod</span> <span class='ocrx_word' id='word_1_120' title='bbox 1309 1001 1541 1057; x_wconf 72' lang='lat' dir='ltr'>adspiratio</span> <span class='ocrx_word' id='word_1_121' title='bbox 1574 1001 1648 1055; x_wconf 84' lang='lat' dir='ltr'>sit,</span> <span class='ocrx_word' id='word_1_122' title='bbox 1685 1015 1772 1043; x_wconf 90' lang='lat' dir='ltr'>non</span> <span class='ocrx_word' id='word_1_123' title='bbox 1801 1000 1957 1056; x_wconf 86' lang='lat' dir='ltr'>littera,</span> <span class='ocrx_word' id='word_1_124' title='bbox 1996 1000 2037 1043; x_wconf 91' lang='lat' dir='ltr'>K</span> 
     </span>
     <span class='ocr_line' id='line_1_14' title="bbox 509 1071 1888 1130; baseline -0.002 -14"><span class='ocrx_word' id='word_1_125' title='bbox 509 1077 552 1117; x_wconf 88' lang='lat' dir='ltr'>et</span> <span class='ocrx_word' id='word_1_126' title='bbox 584 1073 618 1124; x_wconf 88' lang='lat' dir='ltr'>Q</span> <span class='ocrx_word' id='word_1_127' title='bbox 651 1073 760 1130; x_wconf 88' lang='lat' dir='ltr'>ideo,</span> <span class='ocrx_word' id='word_1_128' title='bbox 792 1073 907 1128; x_wconf 90' lang='lat' dir='ltr'>quod</span> <span class='ocrx_word' id='word_1_129' title='bbox 939 1071 970 1114; x_wconf 89' lang='lat' dir='ltr'>C</span> <span class='ocrx_word' id='word_1_130' title='bbox 1002 1071 1146 1114; x_wconf 88' lang='lat' dir='ltr'>littera</span> <span class='ocrx_word' id='word_1_131' title='bbox 1176 1072 1328 1114; x_wconf 87' lang='lat' dir='ltr'>harum</span> <span class='ocrx_word' id='word_1_132' title='bbox 1359 1073 1501 1114; x_wconf 88' lang='lat' dir='ltr'>locum</span> <span class='ocrx_word' id='word_1_133' title='bbox 1533 1072 1671 1127; x_wconf 89' lang='lat' dir='ltr'>possit</span> <span class='ocrx_word' id='word_1_134' title='bbox 1702 1072 1888 1126; x_wconf 89' lang='lat' dir='ltr'>implere.</span> 
     </span>
    </p>

    <p class='ocr_par' dir='ltr' id='par_1_4' title="bbox 295 1142 2093 1343">
     <span class='ocr_line' id='line_1_15' title="bbox 295 1142 2038 1202; baseline -0.002 -13"><span class='ocrx_word' id='word_1_135' title='bbox 295 1145 418 1188; x_wconf 70' lang='lat'>²¹⁶*44</span> <span class='ocrx_word' id='word_1_136' title='bbox 450 1143 527 1202; x_wconf 87' lang='lat'>(94</span> <span class='ocrx_word' id='word_1_137' title='bbox 553 1143 709 1202; x_wconf 80' lang='lat'>[242]).</span> <span class='ocrx_word' id='word_1_138' title='bbox 758 1158 916 1187; x_wconf 84' lang='lat' dir='ltr'>nomen</span> <span class='ocrx_word' id='word_1_139' title='bbox 946 1144 1071 1186; x_wconf 88' lang='lat' dir='ltr'>unius</span> <span class='ocrx_word' id='word_1_140' title='bbox 1111 1144 1314 1198; x_wconf 89' lang='lat' dir='ltr'>cuiusque</span> <span class='ocrx_word' id='word_1_141' title='bbox 1352 1143 1519 1185; x_wconf 87' lang='lat' dir='ltr'>litterae</span> <span class='ocrx_word' id='word_1_142' title='bbox 1552 1156 1697 1184; x_wconf 87' lang='lat' dir='ltr'>omnes</span> <span class='ocrx_word' id='word_1_143' title='bbox 1738 1143 1841 1184; x_wconf 87' lang='lat' dir='ltr'>artis</span> <span class='ocrx_word' id='word_1_144' title='bbox 1880 1142 2038 1186; x_wconf 86' lang='lat' dir='ltr'>latores</span> 
     </span>
     <span class='ocr_line' id='line_1_16' title="bbox 511 1213 2093 1273; baseline -0.001 -15"><span class='ocrx_word' id='word_1_145' title='bbox 511 1215 840 1273; x_wconf 89' lang='lat' dir='ltr'>(praecipueque</span> <span class='ocrx_word' id='word_1_146' title='bbox 872 1213 1031 1271; x_wconf 84' lang='lat' dir='ltr'>Varro)</span> <span class='ocrx_word' id='word_1_147' title='bbox 1062 1218 1215 1257; x_wconf 89' lang='lat' dir='ltr'>neutro</span> <span class='ocrx_word' id='word_1_148' title='bbox 1249 1228 1401 1270; x_wconf 86' lang='lat' dir='ltr'>genere</span> <span class='ocrx_word' id='word_1_149' title='bbox 1433 1214 1638 1269; x_wconf 85' lang='lat' dir='ltr'>appellari</span> <span class='ocrx_word' id='word_1_150' title='bbox 1672 1213 1966 1256; x_wconf 85' lang='lat' dir='ltr'>iudicaverunt</span> <span class='ocrx_word' id='word_1_151' title='bbox 1997 1216 2039 1256; x_wconf 91' lang='lat' dir='ltr'>et</span> <span class='ocrx_word' id='word_1_152' title='bbox 2058 1230 2093 1257; x_wconf 65' lang='grc' dir='ltr'>ιε</span> 
     </span>
     <span class='ocr_line' id='line_1_17' title="bbox 509 1286 1146 1343; baseline -0.003 -13"><span class='ocrx_word' id='word_1_153' title='bbox 509 1290 656 1343; x_wconf 87' lang='lat' dir='ltr'>aptote</span> <span class='ocrx_word' id='word_1_154' title='bbox 687 1286 889 1330; x_wconf 89' lang='lat' dir='ltr'>declinari</span> <span class='ocrx_word' id='word_1_155' title='bbox 920 1286 1146 1328; x_wconf 86' lang='lat' dir='ltr'>iusserunt.</span> 
     </span>
    </p>
   </div>
   <div class='ocr_carea' id='block_1_3' title="bbox 1062 1371 1274 1374">
    <p class='ocr_par' dir='ltr' id='par_1_5' title="bbox 1062 1371 1274 1374">
     <span class='ocr_line' id='line_1_18' title="bbox 1062 1371 1274 1374; baseline 0 0"><span class='ocrx_word' id='word_1_156' title='bbox 1062 1371 1274 1374; x_wconf 95' lang='lat' dir='ltr'> </span> 
     </span>
    </p>
   </div>
   <div class='ocr_carea' id='block_1_4' title="bbox 694 1426 1635 1628">
    <p class='ocr_par' dir='ltr' id='par_1_6' title="bbox 694 1426 1635 1628">
     <span class='ocr_line' id='line_1_19' title="bbox 694 1426 1635 1472; baseline -0.001 -1"><span class='ocrx_word' id='word_1_157' title='bbox 694 1428 774 1471; x_wconf 88' lang='lat' dir='ltr'>DE</span> <span class='ocrx_word' id='word_1_158' title='bbox 808 1427 1047 1471; x_wconf 81' lang='lat' dir='ltr'>ORIGINE</span> <span class='ocrx_word' id='word_1_159' title='bbox 1080 1426 1343 1472; x_wconf 76' lang='lat' dir='ltr'><strong>LINGVAE</strong></span> <span class='ocrx_word' id='word_1_160' title='bbox 1377 1427 1635 1470; x_wconf 84' lang='lat' dir='ltr'>LATINAE</span> 
     </span>
     <span class='ocr_line' id='line_1_20' title="bbox 825 1509 1511 1546; baseline -0.003 0"><span class='ocrx_word' id='word_1_161' title='bbox 825 1510 891 1546; x_wconf 83' lang='lat' dir='ltr'>AD</span> <span class='ocrx_word' id='word_1_162' title='bbox 918 1509 990 1546; x_wconf 82' lang='lat' dir='ltr'>CN.</span> <span class='ocrx_word' id='word_1_163' title='bbox 1015 1509 1270 1546; x_wconf 85' lang='lat' dir='ltr'>POMPEIVM</span> <span class='ocrx_word' id='word_1_164' title='bbox 1295 1509 1511 1545; x_wconf 80' lang='lat' dir='ltr'><strong>MAGNVM</strong></span> 
     </span>
     <span class='ocr_line' id='line_1_21' title="bbox 1037 1581 1296 1628; baseline 0 -12"><span class='ocrx_word' id='word_1_165' title='bbox 1037 1581 1166 1616; x_wconf 81' lang='lat' dir='ltr'>LIBRI</span> <span class='ocrx_word' id='word_1_166' title='bbox 1189 1581 1240 1616; x_wconf 84' lang='lat'>111</span> <span class='ocrx_word' id='word_1_167' title='bbox 1254 1582 1296 1628; x_wconf 56' lang='grc' dir='ltr'>(ν)</span> 
     </span>
    </p>
   </div>
   <div class='ocr_carea' id='block_1_5' title="bbox 297 1653 2094 1852">
    <p class='ocr_par' dir='ltr' id='par_1_7' title="bbox 297 1653 2094 1852">
     <span class='ocr_line' id='line_1_22' title="bbox 1156 1653 2094 1696; baseline -0.002 0"><span class='ocrx_word' id='word_1_168' title='bbox 1156 1653 1178 1696; x_wconf 92' lang='grc' dir='ltr'>Ι</span> <span class='ocrx_word' id='word_1_169' title='bbox 2057 1669 2094 1695; x_wconf 81' lang='lat'>20</span> 
     </span>
     <span class='ocr_line' id='line_1_23' title="bbox 297 1723 2039 1785; baseline -0.003 -14"><span class='ocrx_word' id='word_1_170' title='bbox 297 1729 354 1771; x_wconf 86' lang='lat'>45</span> <span class='ocrx_word' id='word_1_171' title='bbox 388 1727 494 1785; x_wconf 86' lang='lat'>(106</span> <span class='ocrx_word' id='word_1_172' title='bbox 521 1726 678 1785; x_wconf 83' lang='lat'>[295]).</span> <span class='ocrx_word' id='word_1_173' title='bbox 730 1724 834 1769; x_wconf 70' lang='grc' dir='ltr'><em>οὐδὲ</em></span> <span class='ocrx_word' id='word_1_174' title='bbox 866 1725 1087 1781; x_wconf 80' lang='grc' dir='ltr'><em>ἀγνοήσας</em></span> <span class='ocrx_word' id='word_1_175' title='bbox 1118 1724 1141 1767; x_wconf 91' lang='grc' dir='ltr'>ὁ</span> <span class='ocrx_word' id='word_1_176' title='bbox 1167 1724 1386 1780; x_wconf 82' lang='grc' dir='ltr'><em>Ῥωμύλος</em></span> <span class='ocrx_word' id='word_1_177' title='bbox 1424 1725 1450 1780; x_wconf 76' lang='grc' dir='ltr'><em>ἣ</em></span> <span class='ocrx_word' id='word_1_178' title='bbox 1489 1725 1536 1767; x_wconf 79' lang='grc' dir='ltr'><em>οἱ</em></span> <span class='ocrx_word' id='word_1_179' title='bbox 1563 1723 1654 1767; x_wconf 81' lang='grc' dir='ltr'><em>κατ’</em></span> <span class='ocrx_word' id='word_1_180' title='bbox 1694 1724 1830 1767; x_wconf 88' lang='grc' dir='ltr'><em>αὐτὸν</em></span> <span class='ocrx_word' id='word_1_181' title='bbox 1867 1725 2039 1767; x_wconf 82' lang='grc' dir='ltr'><em>δείκνυ-</em></span> 
     </span>
     <span class='ocr_line' id='line_1_24' title="bbox 512 1791 2039 1852; baseline -0.003 -11"><span class='ocrx_word' id='word_1_182' title='bbox 512 1815 583 1842; x_wconf 86' lang='grc' dir='ltr'>ται</span> <span class='ocrx_word' id='word_1_183' title='bbox 623 1791 720 1841; x_wconf 76' lang='grc' dir='ltr'>κάτ’</span> <span class='ocrx_word' id='word_1_184' title='bbox 765 1796 907 1840; x_wconf 82' lang='grc' dir='ltr'><em>ἐκεῖνο</em></span> <span class='ocrx_word' id='word_1_185' title='bbox 950 1803 1108 1852; x_wconf 81' lang='grc' dir='ltr'><em>καιροῦ</em></span> <span class='ocrx_word' id='word_1_186' title='bbox 1154 1797 1235 1851; x_wconf 83' lang='grc' dir='ltr'>τὴν</span> <span class='ocrx_word' id='word_1_187' title='bbox 1269 1795 1457 1839; x_wconf 76' lang='grc' dir='ltr'><em>Ἑλλάδα</em></span> <span class='ocrx_word' id='word_1_188' title='bbox 1498 1798 1673 1851; x_wconf 82' lang='grc' dir='ltr'><em>φωνήν,</em></span> <span class='ocrx_word' id='word_1_189' title='bbox 1728 1796 1810 1850; x_wconf 90' lang='grc' dir='ltr'>τὴν</span> <span class='ocrx_word' id='word_1_190' title='bbox 1849 1795 2039 1838; x_wconf 83' lang='grc' dir='ltr'><strong><em>Αἰολίδα</em></strong></span> 
     </span>
    </p>
   </div>
   <div class='ocr_carea' id='block_1_6' title="bbox 295 1900 2047 2707">
    <p class='ocr_par' dir='ltr' id='par_1_8' title="bbox 295 1900 2047 2707">
     <span class='ocr_line' id='line_1_25' title="bbox 418 1900 2040 1947; baseline -0.004 -7"><span class='ocrx_word' id='word_1_191' title='bbox 418 1910 435 1940; x_wconf 94' lang='grc'>1</span> <span class='ocrx_word' id='word_1_192' title='bbox 452 1904 548 1940; x_wconf 83' lang='lat' dir='ltr'>Serv.</span> <span class='ocrx_word' id='word_1_193' title='bbox 562 1905 604 1940; x_wconf 76' lang='lat' dir='ltr'>in</span> <span class='ocrx_word' id='word_1_194' title='bbox 611 1904 763 1939; x_wconf 72' lang='lat' dir='ltr'>AenJI</span> <span class='ocrx_word' id='word_1_195' title='bbox 771 1906 818 1938; x_wconf 89' lang='grc'>81</span> <span class='ocrx_word' id='word_1_196' title='bbox 827 1902 1059 1947; x_wconf 82' lang='lat' dir='ltr'>(Palamedes</span> <span class='ocrx_word' id='word_1_197' title='bbox 1078 1901 1269 1946; x_wconf 89' lang='lat' dir='ltr'>lapidibus</span> <span class='ocrx_word' id='word_1_198' title='bbox 1290 1901 1535 1946; x_wconf 86' lang='lat' dir='ltr'>interemptus</span> <span class='ocrx_word' id='word_1_199' title='bbox 1551 1902 1617 1936; x_wconf 87' lang='lat' dir='ltr'>est.</span> <span class='ocrx_word' id='word_1_200' title='bbox 1643 1900 1742 1935; x_wconf 88' lang='lat' dir='ltr'>hunc</span> <span class='ocrx_word' id='word_1_201' title='bbox 1756 1901 1882 1935; x_wconf 85' lang='lat' dir='ltr'>autem</span> <span class='ocrx_word' id='word_1_202' title='bbox 1892 1900 2040 1935; x_wconf 83' lang='lat' dir='ltr'>constat</span> 
     </span>
     <span class='ocr_line' id='line_1_26' title="bbox 297 1948 2039 1997; baseline -0.003 -9"><span class='ocrx_word' id='word_1_203' title='bbox 297 1953 412 1988; x_wconf 86' lang='lat' dir='ltr'>fuisse</span> <span class='ocrx_word' id='word_1_204' title='bbox 432 1952 664 1997; x_wconf 84' lang='lat' dir='ltr'>prudentem.</span> <span class='ocrx_word' id='word_1_205' title='bbox 702 1962 789 1985; x_wconf 89' lang='lat' dir='ltr'>nam</span> <span class='ocrx_word' id='word_1_206' title='bbox 810 1951 847 1985; x_wconf 87' lang='lat' dir='ltr'>et</span> <span class='ocrx_word' id='word_1_207' title='bbox 868 1949 1037 1984; x_wconf 86' lang='lat' dir='ltr'>tabulam</span> <span class='ocrx_word' id='word_1_208' title='bbox 1058 1976 1064 1983; x_wconf 95' lang='lat'>.</span> <span class='ocrx_word' id='word_1_209' title='bbox 1087 1976 1094 1983; x_wconf 97' lang='lat'>.</span> <span class='ocrx_word' id='word_1_210' title='bbox 1117 1976 1124 1983; x_wconf 93' lang='lat'>.</span> <span class='ocrx_word' id='word_1_211' title='bbox 1145 1949 1340 1993; x_wconf 81' lang='lat' dir='ltr'>exercitus,</span> <span class='ocrx_word' id='word_1_212' title='bbox 1359 1950 1402 1983; x_wconf 88' lang='lat' dir='ltr'>ut</span> <span class='ocrx_word' id='word_1_213' title='bbox 1419 1949 1536 1984; x_wconf 86' lang='lat' dir='ltr'>Varro</span> <span class='ocrx_word' id='word_1_214' title='bbox 1556 1949 1726 1983; x_wconf 81' lang='lat' dir='ltr'>testatur.</span> <span class='ocrx_word' id='word_1_215' title='bbox 1764 1948 1968 1983; x_wconf 86' lang='lat' dir='ltr'>secundum</span> <span class='ocrx_word' id='word_1_216' title='bbox 1982 1974 1990 1983; x_wconf 87' lang='lat'><strong>.</strong></span> <span class='ocrx_word' id='word_1_217' title='bbox 2005 1974 2013 1983; x_wconf 91' lang='lat'>.</span> <span class='ocrx_word' id='word_1_218' title='bbox 2029 1974 2039 1983; x_wconf 86' lang='grc'><strong>.</strong></span> 
     </span>
     <span class='ocr_line' id='line_1_27' title="bbox 297 1996 2037 2046; baseline -0.003 -11"><span class='ocrx_word' id='word_1_219' title='bbox 297 2000 540 2046; x_wconf 82' lang='lat' dir='ltr'>aspiratione)</span> <span class='ocrx_word' id='word_1_220' title='bbox 547 2013 561 2043; x_wconf 89' lang='lat'><em>;</em></span> <span class='ocrx_word' id='word_1_221' title='bbox 579 2000 624 2043; x_wconf 80' lang='lat' dir='ltr'>cf.</span> <span class='ocrx_word' id='word_1_222' title='bbox 640 1999 779 2034; x_wconf 75' lang='lat' dir='ltr'>Auson.</span> <span class='ocrx_word' id='word_1_223' title='bbox 798 1998 973 2042; x_wconf 76' lang='lat' dir='ltr'>Technop.</span> <span class='ocrx_word' id='word_1_224' title='bbox 989 1997 1100 2032; x_wconf 88' lang='lat' dir='ltr'><strong><em>XIII</em></strong></span> <span class='ocrx_word' id='word_1_225' title='bbox 1118 1997 1160 2032; x_wconf 85' lang='lat' dir='ltr'>de</span> <span class='ocrx_word' id='word_1_226' title='bbox 1186 1997 1253 2032; x_wconf 77' lang='lat' dir='ltr'>litt.</span> <span class='ocrx_word' id='word_1_227' title='bbox 1279 2006 1414 2032; x_wconf 76' lang='lat' dir='ltr'>monos.</span> <span class='ocrx_word' id='word_1_228' title='bbox 1432 1996 1494 2032; x_wconf 80' lang='lat' dir='ltr'>Gr.</span> <span class='ocrx_word' id='word_1_229' title='bbox 1516 1999 1549 2032; x_wconf 82' lang='lat' dir='ltr'>et</span> <span class='ocrx_word' id='word_1_230' title='bbox 1561 1996 1607 2031; x_wconf 90' lang='lat' dir='ltr'>L.</span> <span class='ocrx_word' id='word_1_231' title='bbox 1621 1998 1670 2032; x_wconf 89' lang='lat'>25</span> <span class='ocrx_word' id='word_1_232' title='bbox 1690 1997 1743 2041; x_wconf 78' lang='lat' dir='ltr'>(p.</span> <span class='ocrx_word' id='word_1_233' title='bbox 1759 1998 1830 2031; x_wconf 85' lang='lat'>167</span> <span class='ocrx_word' id='word_1_234' title='bbox 1841 1996 1962 2041; x_wconf 53' lang='grc' dir='ltr'><em>Ρῶμε</em></span> <span class='ocrx_word' id='word_1_235' title='bbox 1982 2022 1990 2029; x_wconf 95' lang='grc'><strong>.</strong></span> <span class='ocrx_word' id='word_1_236' title='bbox 2005 2022 2013 2030; x_wconf 92' lang='grc'><strong>.</strong></span> <span class='ocrx_word' id='word_1_237' title='bbox 2029 2022 2037 2030; x_wconf 93' lang='grc'><strong>.</strong></span> 
     </span>
     <span class='ocr_line' id='line_1_28' title="bbox 295 2041 2025 2092; baseline -0.004 -9"><span class='ocrx_word' id='word_1_238' title='bbox 295 2047 537 2083; x_wconf 86' lang='lat' dir='ltr'>Palamedica</span> <span class='ocrx_word' id='word_1_239' title='bbox 560 2045 765 2092; x_wconf 83' lang='lat' dir='ltr'>porrigitur</span> <span class='ocrx_word' id='word_1_240' title='bbox 785 2047 828 2090; x_wconf 90' lang='grc' dir='ltr'>Φ)</span> <span class='ocrx_word' id='word_1_241' title='bbox 848 2046 859 2090; x_wconf 87' lang='grc' dir='ltr'>ΙΙ</span> <span class='ocrx_word' id='word_1_242' title='bbox 879 2048 899 2079; x_wconf 85' lang='lat'>5</span> <span class='ocrx_word' id='word_1_243' title='bbox 923 2045 1176 2087; x_wconf 78' lang='lat' dir='ltr'><strong><em>GL.1V520,</em></strong></span> <span class='ocrx_word' id='word_1_244' title='bbox 1189 2047 1236 2080; x_wconf 90' lang='grc'>18</span> <span class='ocrx_word' id='word_1_245' title='bbox 1255 2043 1384 2089; x_wconf 88' lang='lat' dir='ltr'>(Varro</span> <span class='ocrx_word' id='word_1_246' title='bbox 1405 2043 1498 2078; x_wconf 85' lang='lat' dir='ltr'>dicit</span> <span class='ocrx_word' id='word_1_247' title='bbox 1517 2044 1761 2079; x_wconf 82' lang='lat' dir='ltr'>consonantes</span> <span class='ocrx_word' id='word_1_248' title='bbox 1782 2071 1790 2078; x_wconf 91' lang='lat'>.</span> <span class='ocrx_word' id='word_1_249' title='bbox 1812 2070 1819 2078; x_wconf 91' lang='lat'>.</span> <span class='ocrx_word' id='word_1_250' title='bbox 1842 2070 1849 2078; x_wconf 94' lang='lat'>.</span> <span class='ocrx_word' id='word_1_251' title='bbox 1868 2041 2025 2087; x_wconf 88' lang='lat' dir='ltr'>implere</span> 
     </span>
     <span class='ocr_line' id='line_1_29' title="bbox 297 2090 1980 2139; baseline -0.005 -7"><span class='ocrx_word' id='word_1_252' title='bbox 297 2101 330 2132; x_wconf 83' lang='lat' dir='ltr'>et</span> <span class='ocrx_word' id='word_1_253' title='bbox 354 2097 406 2131; x_wconf 92' lang='grc' dir='ltr'>ΙΙ</span> <span class='ocrx_word' id='word_1_254' title='bbox 427 2097 520 2138; x_wconf 80' lang='grc'><em>13,8</em></span> <span class='ocrx_word' id='word_1_255' title='bbox 547 2093 764 2139; x_wconf 83' lang='lat' dir='ltr'>(auctoritas</span> <span class='ocrx_word' id='word_1_256' title='bbox 791 2103 938 2137; x_wconf 87' lang='lat' dir='ltr'>quoque</span> <span class='ocrx_word' id='word_1_257' title='bbox 969 2094 1047 2127; x_wconf 84' lang='lat' dir='ltr'>tam</span> <span class='ocrx_word' id='word_1_258' title='bbox 1072 2091 1250 2126; x_wconf 87' lang='lat' dir='ltr'>Varronis</span> <span class='ocrx_word' id='word_1_259' title='bbox 1276 2102 1388 2135; x_wconf 88' lang='lat' dir='ltr'>quam</span> <span class='ocrx_word' id='word_1_260' title='bbox 1414 2091 1531 2126; x_wconf 89' lang='lat' dir='ltr'>Macri</span> <span class='ocrx_word' id='word_1_261' title='bbox 1561 2092 1656 2125; x_wconf 81' lang='lat' dir='ltr'>teste</span> <span class='ocrx_word' id='word_1_262' title='bbox 1683 2090 1881 2125; x_wconf 87' lang='lat' dir='ltr'>Censorino</span> <span class='ocrx_word' id='word_1_263' title='bbox 1912 2101 1980 2125; x_wconf 89' lang='lat' dir='ltr'>nec</span> 
     </span>
     <span class='ocr_line' id='line_1_30' title="bbox 297 2138 2041 2185; baseline -0.003 -7"><span class='ocrx_word' id='word_1_264' title='bbox 297 2154 364 2179; x_wconf 92' lang='lat' dir='ltr'>nec</span> <span class='ocrx_word' id='word_1_265' title='bbox 391 2142 420 2185; x_wconf 86' lang='lat' dir='ltr'>Q</span> <span class='ocrx_word' id='word_1_266' title='bbox 447 2153 514 2176; x_wconf 90' lang='lat' dir='ltr'>nec</span> <span class='ocrx_word' id='word_1_267' title='bbox 539 2141 575 2176; x_wconf 91' lang='lat' dir='ltr'>H</span> <span class='ocrx_word' id='word_1_268' title='bbox 600 2141 639 2176; x_wconf 87' lang='lat' dir='ltr'>in</span> <span class='ocrx_word' id='word_1_269' title='bbox 665 2151 817 2175; x_wconf 89' lang='lat' dir='ltr'>numero</span> <span class='ocrx_word' id='word_1_270' title='bbox 846 2139 1002 2175; x_wconf 86' lang='lat' dir='ltr'>adhibet</span> <span class='ocrx_word' id='word_1_271' title='bbox 1032 2139 1256 2183; x_wconf 81' lang='lat' dir='ltr'>litterarum)</span> <span class='ocrx_word' id='word_1_272' title='bbox 1265 2153 1278 2182; x_wconf 90' lang='lat'><strong><em>;</em></strong></span> <span class='ocrx_word' id='word_1_273' title='bbox 1309 2140 1354 2183; x_wconf 79' lang='lat' dir='ltr'>cf.</span> <span class='ocrx_word' id='word_1_274' title='bbox 1384 2139 1509 2185; x_wconf 77' lang='lat' dir='ltr'>Quint.</span> <span class='ocrx_word' id='word_1_275' title='bbox 1537 2140 1565 2173; x_wconf 92' lang='grc' dir='ltr'><em>Ι</em></span> <span class='ocrx_word' id='word_1_276' title='bbox 1583 2141 1616 2182; x_wconf 90' lang='lat'>4,</span> <span class='ocrx_word' id='word_1_277' title='bbox 1637 2141 1681 2182; x_wconf 88' lang='lat'>9;</span> <span class='ocrx_word' id='word_1_278' title='bbox 1713 2138 1793 2174; x_wconf 73' lang='lat' dir='ltr'>GL.</span> <span class='ocrx_word' id='word_1_279' title='bbox 1820 2139 1849 2173; x_wconf 93' lang='lat' dir='ltr'><strong><em>I</em></strong></span> <span class='ocrx_word' id='word_1_280' title='bbox 1868 2139 1951 2181; x_wconf 82' lang='lat'>423,</span> <span class='ocrx_word' id='word_1_281' title='bbox 1971 2140 2018 2172; x_wconf 89' lang='lat'>10</span> <span class='ocrx_word' id='word_1_282' title='bbox 2027 2150 2041 2181; x_wconf 90' lang='lat'><em>;</em></span> 
     </span>
     <span class='ocr_line' id='line_1_31' title="bbox 298 2187 2040 2233; baseline -0.004 -7"><span class='ocrx_word' id='word_1_283' title='bbox 298 2191 364 2227; x_wconf 86' lang='lat' dir='ltr'>IV</span> <span class='ocrx_word' id='word_1_284' title='bbox 387 2192 471 2233; x_wconf 82' lang='lat'><strong><em>368,</em></strong></span> <span class='ocrx_word' id='word_1_285' title='bbox 488 2192 519 2224; x_wconf 87' lang='lat'>7.</span> <span class='ocrx_word' id='word_1_286' title='bbox 556 2191 641 2232; x_wconf 82' lang='lat'>422,</span> <span class='ocrx_word' id='word_1_287' title='bbox 662 2191 708 2224; x_wconf 89' lang='lat'>15</span> <span class='ocrx_word' id='word_1_288' title='bbox 716 2202 728 2231; x_wconf 90' lang='lat'>‚·</span> <span class='ocrx_word' id='word_1_289' title='bbox 759 2188 794 2223; x_wconf 87' lang='lat' dir='ltr'><strong><em>V</em></strong></span> <span class='ocrx_word' id='word_1_290' title='bbox 818 2191 900 2230; x_wconf 88' lang='lat'><strong><em>101,</em></strong></span> <span class='ocrx_word' id='word_1_291' title='bbox 921 2190 976 2222; x_wconf 85' lang='lat'>14.</span> <span class='ocrx_word' id='word_1_292' title='bbox 1014 2190 1095 2231; x_wconf 88' lang='lat'><strong><em>110,</em></strong></span> <span class='ocrx_word' id='word_1_293' title='bbox 1117 2189 1160 2230; x_wconf 91' lang='lat'>3;</span> <span class='ocrx_word' id='word_1_294' title='bbox 1199 2187 1257 2221; x_wconf 83' lang='lat' dir='ltr'>VI</span> <span class='ocrx_word' id='word_1_295' title='bbox 1280 2189 1312 2229; x_wconf 88' lang='lat'>5,</span> <span class='ocrx_word' id='word_1_296' title='bbox 1332 2189 1390 2222; x_wconf 82' lang='lat'>24.</span> <span class='ocrx_word' id='word_1_297' title='bbox 1428 2189 1460 2230; x_wconf 85' lang='lat'>7,</span> <span class='ocrx_word' id='word_1_298' title='bbox 1481 2189 1512 2221; x_wconf 81' lang='lat'>4.</span> <span class='ocrx_word' id='word_1_299' title='bbox 1549 2189 1585 2229; x_wconf 83' lang='lat'>8,</span> <span class='ocrx_word' id='word_1_300' title='bbox 1606 2189 1662 2221; x_wconf 84' lang='lat'>16.</span> <span class='ocrx_word' id='word_1_301' title='bbox 1699 2188 1757 2229; x_wconf 86' lang='lat'>33,</span> <span class='ocrx_word' id='word_1_302' title='bbox 1775 2187 1836 2220; x_wconf 84' lang='lat'>28.</span> <span class='ocrx_word' id='word_1_303' title='bbox 1872 2187 1954 2228; x_wconf 88' lang='lat'><strong><em>195,</em></strong></span> <span class='ocrx_word' id='word_1_304' title='bbox 1972 2187 2040 2227; x_wconf 88' lang='lat'><strong><em>19,-</em></strong></span> 
     </span>
     <span class='ocr_line' id='line_1_32' title="bbox 305 2232 2047 2280; baseline -0.003 -7"><span class='ocrx_word' id='word_1_305' title='bbox 305 2239 387 2274; x_wconf 80' lang='lat' dir='ltr'>VII</span> <span class='ocrx_word' id='word_1_306' title='bbox 408 2239 536 2280; x_wconf 79' lang='lat'>14,12.</span> <span class='ocrx_word' id='word_1_307' title='bbox 563 2238 695 2280; x_wconf 84' lang='lat'>22,17.</span> <span class='ocrx_word' id='word_1_308' title='bbox 723 2238 782 2279; x_wconf 88' lang='lat'>52,</span> <span class='ocrx_word' id='word_1_309' title='bbox 796 2238 828 2271; x_wconf 90' lang='lat'>3.</span> <span class='ocrx_word' id='word_1_310' title='bbox 856 2238 915 2278; x_wconf 87' lang='lat'>53,</span> <span class='ocrx_word' id='word_1_311' title='bbox 930 2238 962 2270; x_wconf 90' lang='lat'>5.</span> <span class='ocrx_word' id='word_1_312' title='bbox 990 2236 1155 2277; x_wconf 85' lang='lat'><strong><em>539,12;</em></strong></span> <span class='ocrx_word' id='word_1_313' title='bbox 1193 2234 1328 2269; x_wconf 72' lang='lat' dir='ltr'>Amcd.</span> <span class='ocrx_word' id='word_1_314' title='bbox 1361 2234 1466 2269; x_wconf 77' lang='lat' dir='ltr'>Hezv.</span> <span class='ocrx_word' id='word_1_315' title='bbox 1498 2236 1584 2276; x_wconf 88' lang='lat'>225,</span> <span class='ocrx_word' id='word_1_316' title='bbox 1607 2237 1650 2276; x_wconf 84' lang='lat'>6;</span> <span class='ocrx_word' id='word_1_317' title='bbox 1689 2234 1803 2268; x_wconf 80' lang='lat' dir='ltr'>Mart.</span> <span class='ocrx_word' id='word_1_318' title='bbox 1844 2233 1932 2277; x_wconf 76' lang='lat' dir='ltr'>Gap.</span> <span class='ocrx_word' id='word_1_319' title='bbox 1969 2232 2047 2267; x_wconf 91' lang='grc'>111</span> 
     </span>
     <span class='ocr_line' id='line_1_33' title="bbox 296 2279 2040 2328; baseline -0.005 -7"><span class='ocrx_word' id='word_1_320' title='bbox 296 2288 381 2322; x_wconf 86' lang='lat'>252.</span> <span class='ocrx_word' id='word_1_321' title='bbox 395 2288 490 2328; x_wconf 85' lang='lat'><em>259;</em></span> <span class='ocrx_word' id='word_1_322' title='bbox 514 2284 605 2320; x_wconf 82' lang='lat' dir='ltr'>Isid.</span> <span class='ocrx_word' id='word_1_323' title='bbox 632 2285 660 2319; x_wconf 94' lang='lat' dir='ltr'><strong><em>I</em></strong></span> <span class='ocrx_word' id='word_1_324' title='bbox 679 2286 713 2327; x_wconf 85' lang='lat'>4,</span> <span class='ocrx_word' id='word_1_325' title='bbox 733 2286 765 2318; x_wconf 89' lang='lat'>4.</span> <span class='ocrx_word' id='word_1_326' title='bbox 787 2286 835 2318; x_wconf 89' lang='lat'>10</span> <span class='ocrx_word' id='word_1_327' title='bbox 847 2293 920 2327; x_wconf 80' lang='lat' dir='ltr'>sqq.</span> <span class='ocrx_word' id='word_1_328' title='bbox 945 2284 956 2327; x_wconf 83' lang='grc' dir='ltr'>Η</span> <span class='ocrx_word' id='word_1_329' title='bbox 984 2286 1027 2317; x_wconf 84' lang='grc'>14</span> <span class='ocrx_word' id='word_1_330' title='bbox 1056 2282 1136 2317; x_wconf 77' lang='lat' dir='ltr'>GL.</span> <span class='ocrx_word' id='word_1_331' title='bbox 1158 2283 1185 2316; x_wconf 91' lang='grc' dir='ltr'><em>Ι</em></span> <span class='ocrx_word' id='word_1_332' title='bbox 1190 2282 1224 2317; x_wconf 87' lang='lat' dir='ltr'><strong><em>V</em></strong></span> <span class='ocrx_word' id='word_1_333' title='bbox 1237 2283 1297 2324; x_wconf 82' lang='lat'>48,</span> <span class='ocrx_word' id='word_1_334' title='bbox 1311 2283 1359 2316; x_wconf 84' lang='lat'>37</span> <span class='ocrx_word' id='word_1_335' title='bbox 1383 2282 1531 2325; x_wconf 89' lang='lat' dir='ltr'>(nomen</span> <span class='ocrx_word' id='word_1_336' title='bbox 1556 2280 1705 2315; x_wconf 86' lang='lat' dir='ltr'>litterae</span> <span class='ocrx_word' id='word_1_337' title='bbox 1731 2280 1787 2314; x_wconf 85' lang='lat' dir='ltr'>est</span> <span class='ocrx_word' id='word_1_338' title='bbox 1812 2290 1884 2324; x_wconf 91' lang='lat' dir='ltr'>quo</span> <span class='ocrx_word' id='word_1_339' title='bbox 1910 2279 2040 2324; x_wconf 86' lang='lat' dir='ltr'>appel-</span> 
     </span>
     <span class='ocr_line' id='line_1_34' title="bbox 297 2327 2040 2375; baseline -0.003 -8"><span class='ocrx_word' id='word_1_340' title='bbox 297 2333 407 2368; x_wconf 86' lang='lat' dir='ltr'>latur.</span> <span class='ocrx_word' id='word_1_341' title='bbox 446 2343 534 2366; x_wconf 82' lang='lat' dir='ltr'>sane</span> <span class='ocrx_word' id='word_1_342' title='bbox 560 2342 695 2366; x_wconf 86' lang='lat' dir='ltr'>nomen</span> <span class='ocrx_word' id='word_1_343' title='bbox 716 2358 723 2366; x_wconf 93' lang='lat'>.</span> <span class='ocrx_word' id='word_1_344' title='bbox 746 2358 753 2366; x_wconf 90' lang='lat'>.</span> <span class='ocrx_word' id='word_1_345' title='bbox 776 2357 783 2364; x_wconf 97' lang='lat'>.</span> <span class='ocrx_word' id='word_1_346' title='bbox 803 2330 1025 2375; x_wconf 85' lang='lat' dir='ltr'>iusserunt);</span> <span class='ocrx_word' id='word_1_347' title='bbox 1050 2330 1096 2373; x_wconf 77' lang='lat' dir='ltr'>cf.</span> <span class='ocrx_word' id='word_1_348' title='bbox 1114 2329 1193 2364; x_wconf 78' lang='lat' dir='ltr'>GL.</span> <span class='ocrx_word' id='word_1_349' title='bbox 1215 2328 1250 2363; x_wconf 89' lang='lat' dir='ltr'><em>V</em></span> <span class='ocrx_word' id='word_1_350' title='bbox 1264 2331 1325 2372; x_wconf 88' lang='lat'>26,</span> <span class='ocrx_word' id='word_1_351' title='bbox 1339 2330 1398 2363; x_wconf 87' lang='lat'>32.</span> <span class='ocrx_word' id='word_1_352' title='bbox 1425 2331 1504 2371; x_wconf 90' lang='lat'><strong><em>111,</em></strong></span> <span class='ocrx_word' id='word_1_353' title='bbox 1520 2331 1566 2363; x_wconf 91' lang='lat'>10</span> <span class='ocrx_word' id='word_1_354' title='bbox 1591 2329 1601 2373; x_wconf 88' lang='grc' dir='ltr'>ΙΙ</span> <span class='ocrx_word' id='word_1_355' title='bbox 1627 2332 1669 2362; x_wconf 82' lang='grc'>21</span> <span class='ocrx_word' id='word_1_356' title='bbox 1691 2327 1786 2373; x_wconf 72' lang='lat' dir='ltr'>Isyd.</span> <span class='ocrx_word' id='word_1_357' title='bbox 1807 2327 1849 2362; x_wconf 82' lang='lat' dir='ltr'>de</span> <span class='ocrx_word' id='word_1_358' title='bbox 1867 2338 1961 2372; x_wconf 72' lang='lat' dir='ltr'>may.</span> <span class='ocrx_word' id='word_1_359' title='bbox 1975 2327 2003 2361; x_wconf 95' lang='grc' dir='ltr'><em>Ι</em></span> <span class='ocrx_word' id='word_1_360' title='bbox 2017 2329 2040 2362; x_wconf 86' lang='grc'><strong><em>5</em></strong></span> 
     </span>
     <span class='ocr_line' id='line_1_35' title="bbox 298 2372 2040 2425; baseline -0.003 -10"><span class='ocrx_word' id='word_1_361' title='bbox 298 2398 342 2411; x_wconf 83' lang='grc'>--</span> <span class='ocrx_word' id='word_1_362' title='bbox 357 2392 396 2425; x_wconf 76' lang='lat' dir='ltr'>p.</span> <span class='ocrx_word' id='word_1_363' title='bbox 418 2383 476 2422; x_wconf 88' lang='lat'>11,</span> <span class='ocrx_word' id='word_1_364' title='bbox 490 2380 601 2415; x_wconf 88' lang='lat' dir='ltr'>15W.</span> <span class='ocrx_word' id='word_1_365' title='bbox 623 2380 800 2424; x_wconf 81' lang='grc' dir='ltr'><strong>(Κυρῖνος</strong></span> <span class='ocrx_word' id='word_1_366' title='bbox 823 2377 1110 2422; x_wconf 80' lang='grc' dir='ltr'><em>προσηγορεύθη</em></span> <span class='ocrx_word' id='word_1_367' title='bbox 1136 2376 1227 2422; x_wconf 84' lang='lat' dir='ltr'>[scil.</span> <span class='ocrx_word' id='word_1_368' title='bbox 1249 2374 1268 2410; x_wconf 86' lang='grc' dir='ltr'><em>ὃ</em></span> <span class='ocrx_word' id='word_1_369' title='bbox 1282 2373 1477 2422; x_wconf 80' lang='grc' dir='ltr'><em>Ῥωμύλος]</em></span> <span class='ocrx_word' id='word_1_370' title='bbox 1505 2375 1619 2410; x_wconf 80' lang='grc' dir='ltr'><em>οἱονεὶ</em></span> <span class='ocrx_word' id='word_1_371' title='bbox 1644 2374 1782 2418; x_wconf 80' lang='grc' dir='ltr'><em>κύριος,</em></span> <span class='ocrx_word' id='word_1_372' title='bbox 1807 2372 1879 2410; x_wconf 75' lang='grc' dir='ltr'><em>κᾶν</em></span> <span class='ocrx_word' id='word_1_373' title='bbox 1898 2373 1932 2409; x_wconf 84' lang='grc' dir='ltr'>εἰ</span> <span class='ocrx_word' id='word_1_374' title='bbox 1950 2377 2040 2409; x_wconf 88' lang='grc' dir='ltr'><em>Διο-</em></span> 
     </span>
     <span class='ocr_line' id='line_1_36' title="bbox 297 2419 2040 2474; baseline -0.003 -11"><span class='ocrx_word' id='word_1_375' title='bbox 297 2430 457 2474; x_wconf 78' lang='grc' dir='ltr'><em>γενιανῷ</em></span> <span class='ocrx_word' id='word_1_376' title='bbox 483 2429 532 2471; x_wconf 82' lang='grc' dir='ltr'><em>τῷ</em></span> <span class='ocrx_word' id='word_1_377' title='bbox 559 2424 873 2473; x_wconf 81' lang='grc' dir='ltr'><em>λεξ&lt;ικ&gt;ογράφῳ</em></span> <span class='ocrx_word' id='word_1_378' title='bbox 902 2424 1018 2464; x_wconf 80' lang='grc' dir='ltr'><em>ἄλλως</em></span> <span class='ocrx_word' id='word_1_379' title='bbox 1052 2425 1163 2469; x_wconf 83' lang='grc' dir='ltr'><em>δοκῇ·</em></span> <span class='ocrx_word' id='word_1_380' title='bbox 1190 2422 1278 2459; x_wconf 79' lang='grc' dir='ltr'><em>οὐδὲ</em></span> <span class='ocrx_word' id='word_1_381' title='bbox 1299 2451 1305 2458; x_wconf 90' lang='grc'><strong>.</strong></span> <span class='ocrx_word' id='word_1_382' title='bbox 1330 2452 1335 2458; x_wconf 96' lang='grc'><em>.</em></span> <span class='ocrx_word' id='word_1_383' title='bbox 1358 2451 1365 2457; x_wconf 92' lang='grc'><strong>.</strong></span> <span class='ocrx_word' id='word_1_384' title='bbox 1385 2421 1487 2468; x_wconf 83' lang='grc' dir='ltr'><em>λέγω,</em></span> <span class='ocrx_word' id='word_1_385' title='bbox 1514 2421 1563 2463; x_wconf 76' lang='grc' dir='ltr'>ὥς</span> <span class='ocrx_word' id='word_1_386' title='bbox 1587 2433 1704 2467; x_wconf 83' lang='grc' dir='ltr'><em>φασιν</em></span> <span class='ocrx_word' id='word_1_387' title='bbox 1730 2419 1749 2457; x_wconf 78' lang='grc'><strong>8</strong></span> <span class='ocrx_word' id='word_1_388' title='bbox 1773 2434 1812 2457; x_wconf 82' lang='grc' dir='ltr'><em>τε</em></span> <span class='ocrx_word' id='word_1_389' title='bbox 1838 2420 1972 2458; x_wconf 82' lang='grc' dir='ltr'><em>Κάτων</em></span> <span class='ocrx_word' id='word_1_390' title='bbox 1997 2420 2040 2457; x_wconf 78' lang='grc' dir='ltr'><em>ἐν</em></span> 
     </span>
     <span class='ocr_line' id='line_1_37' title="bbox 298 2466 2039 2521; baseline -0.004 -11"><span class='ocrx_word' id='word_1_391' title='bbox 298 2478 348 2521; x_wconf 78' lang='grc' dir='ltr'><em>τῷ</em></span> <span class='ocrx_word' id='word_1_392' title='bbox 386 2475 471 2517; x_wconf 82' lang='grc' dir='ltr'><em>περὶ</em></span> <span class='ocrx_word' id='word_1_393' title='bbox 492 2473 695 2518; x_wconf 80' lang='grc' dir='ltr'><em>Ῥωμαικῆς</em></span> <span class='ocrx_word' id='word_1_394' title='bbox 730 2470 983 2518; x_wconf 81' lang='grc' dir='ltr'><em>ἀρχαιότητος,</em></span> <span class='ocrx_word' id='word_1_395' title='bbox 1011 2470 1165 2515; x_wconf 80' lang='grc' dir='ltr'><em>Βάρρων</em></span> <span class='ocrx_word' id='word_1_396' title='bbox 1189 2483 1228 2505; x_wconf 85' lang='grc' dir='ltr'><em>τε</em></span> <span class='ocrx_word' id='word_1_397' title='bbox 1254 2470 1272 2504; x_wconf 86' lang='grc' dir='ltr'><strong>ὁ</strong></span> <span class='ocrx_word' id='word_1_398' title='bbox 1304 2467 1634 2515; x_wconf 81' lang='grc' dir='ltr'><em>πολυμαθέστατος</em></span> <span class='ocrx_word' id='word_1_399' title='bbox 1667 2469 1707 2505; x_wconf 82' lang='grc' dir='ltr'><em>ἐν</em></span> <span class='ocrx_word' id='word_1_400' title='bbox 1732 2466 1942 2514; x_wconf 83' lang='grc' dir='ltr'><em>προοιμίοις</em></span> <span class='ocrx_word' id='word_1_401' title='bbox 1964 2474 2039 2504; x_wconf 85' lang='grc' dir='ltr'>τῶν</span> 
     </span>
     <span class='ocr_line' id='line_1_38' title="bbox 297 2515 2040 2568; baseline -0.003 -11"><span class='ocrx_word' id='word_1_402' title='bbox 297 2523 390 2567; x_wconf 88' lang='grc' dir='ltr'><em>πρὸς</em></span> <span class='ocrx_word' id='word_1_403' title='bbox 425 2520 626 2566; x_wconf 87' lang='grc' dir='ltr'><em>Πομπήιον</em></span> <span class='ocrx_word' id='word_1_404' title='bbox 661 2521 761 2568; x_wconf 78' lang='grc' dir='ltr'><em>αὐτῷ</em></span> <span class='ocrx_word' id='word_1_405' title='bbox 796 2517 1067 2566; x_wconf 77' lang='grc' dir='ltr'><em>γεγραμμένων,</em></span> <span class='ocrx_word' id='word_1_406' title='bbox 1104 2517 1392 2562; x_wconf 78' lang='grc' dir='ltr'><em>Εὐάνδρου...</em></span> <span class='ocrx_word' id='word_1_407' title='bbox 1419 2516 1562 2563; x_wconf 84' lang='grc' dir='ltr'><em>φωνήν.</em></span> <span class='ocrx_word' id='word_1_408' title='bbox 1611 2517 1634 2562; x_wconf 83' lang='grc' dir='ltr'>ἡ</span> <span class='ocrx_word' id='word_1_409' title='bbox 1669 2515 1739 2562; x_wconf 81' lang='grc' dir='ltr'>γὰρ</span> <span class='ocrx_word' id='word_1_410' title='bbox 1774 2521 2040 2563; x_wconf 78' lang='grc' dir='ltr'><em>γραμματικοῖς</em></span> 
     </span>
     <span class='ocr_line' id='line_1_39' title="bbox 297 2562 2038 2614; baseline -0.003 -10"><span class='ocrx_word' id='word_1_411' title='bbox 297 2569 400 2614; x_wconf 81' lang='grc' dir='ltr'><em>παρὰ</em></span> <span class='ocrx_word' id='word_1_412' title='bbox 426 2569 565 2614; x_wconf 84' lang='grc' dir='ltr'><em>ταύτην</em></span> <span class='ocrx_word' id='word_1_413' title='bbox 585 2566 802 2614; x_wconf 83' lang='grc' dir='ltr'><em>εἰσαγομένη</em></span> <span class='ocrx_word' id='word_1_414' title='bbox 830 2564 1059 2613; x_wconf 81' lang='grc' dir='ltr'><em>ἐτυμολογία,</em></span> <span class='ocrx_word' id='word_1_415' title='bbox 1085 2565 1174 2611; x_wconf 82' lang='grc' dir='ltr'><em>μετὰ</em></span> <span class='ocrx_word' id='word_1_416' title='bbox 1200 2566 1425 2611; x_wconf 81' lang='grc' dir='ltr'><em>συγγνώμης,</em></span> <span class='ocrx_word' id='word_1_417' title='bbox 1452 2562 1657 2611; x_wconf 82' lang='grc' dir='ltr'><em>βεβίασται·</em></span> <span class='ocrx_word' id='word_1_418' title='bbox 1684 2563 1759 2599; x_wconf 81' lang='grc' dir='ltr'>ἀπὸ</span> <span class='ocrx_word' id='word_1_419' title='bbox 1780 2563 1932 2608; x_wconf 87' lang='grc' dir='ltr'><em>Κύρεως</em></span> <span class='ocrx_word' id='word_1_420' title='bbox 1955 2562 2038 2609; x_wconf 80' lang='grc' dir='ltr'><em>γάρ,</em></span> 
     </span>
     <span class='ocr_line' id='line_1_40' title="bbox 297 2610 2040 2663; baseline -0.003 -11"><span class='ocrx_word' id='word_1_421' title='bbox 297 2615 474 2663; x_wconf 79' lang='grc' dir='ltr'><em>πολίχνης</em></span> <span class='ocrx_word' id='word_1_422' title='bbox 494 2614 683 2662; x_wconf 84' lang='grc' dir='ltr'><em>Σαβίνων,</em></span> <span class='ocrx_word' id='word_1_423' title='bbox 710 2614 825 2655; x_wconf 74' lang='grc' dir='ltr'><em>οὕτως</em></span> <span class='ocrx_word' id='word_1_424' title='bbox 849 2614 965 2650; x_wconf 79' lang='grc' dir='ltr'><em>αὐτὸν</em></span> <span class='ocrx_word' id='word_1_425' title='bbox 983 2615 1323 2658; x_wconf 83' lang='grc' dir='ltr'><em>παρονομασθῆναι</em></span> <span class='ocrx_word' id='word_1_426' title='bbox 1348 2612 1558 2658; x_wconf 84' lang='grc' dir='ltr'><em>βούλονται,</em></span> <span class='ocrx_word' id='word_1_427' title='bbox 1584 2610 1716 2656; x_wconf 78' lang='grc' dir='ltr'><em>καίπερ</em></span> <span class='ocrx_word' id='word_1_428' title='bbox 1737 2611 1804 2658; x_wconf 77' lang='grc' dir='ltr'><em>οὐχ</em></span> <span class='ocrx_word' id='word_1_429' title='bbox 1824 2610 2040 2656; x_wconf 74' lang='grc' dir='ltr'><em>ὁρμώμενον</em></span> 
     </span>
     <span class='ocr_line' id='line_1_41' title="bbox 299 2655 2037 2707; baseline -0.004 -8"><span class='ocrx_word' id='word_1_430' title='bbox 299 2664 458 2707; x_wconf 79' lang='grc' dir='ltr'><em>ἐκεῖθεν,</em></span> <span class='ocrx_word' id='word_1_431' title='bbox 492 2663 551 2699; x_wconf 84' lang='grc' dir='ltr'>ἐπὶ</span> <span class='ocrx_word' id='word_1_432' title='bbox 584 2663 625 2698; x_wconf 80' lang='grc' dir='ltr'>δὲ</span> <span class='ocrx_word' id='word_1_433' title='bbox 650 2668 716 2697; x_wconf 82' lang='grc' dir='ltr'>τοῦ</span> <span class='ocrx_word' id='word_1_434' title='bbox 743 2660 959 2697; x_wconf 83' lang='grc' dir='ltr'><em>Παλατίνου</em></span> <span class='ocrx_word' id='word_1_435' title='bbox 988 2662 1127 2707; x_wconf 80' lang='grc' dir='ltr'><em>βουνοῦ</em></span> <span class='ocrx_word' id='word_1_436' title='bbox 1158 2658 1340 2707; x_wconf 81' lang='grc' dir='ltr'><em>τεχθέντα</em></span> <span class='ocrx_word' id='word_1_437' title='bbox 1365 2672 1404 2695; x_wconf 84' lang='grc' dir='ltr'><em>τε</em></span> <span class='ocrx_word' id='word_1_438' title='bbox 1435 2659 1539 2704; x_wconf 82' lang='grc' dir='ltr'><em>παρὰ</em></span> <span class='ocrx_word' id='word_1_439' title='bbox 1563 2665 1645 2700; x_wconf 87' lang='grc' dir='ltr'><em>ταῖς</em></span> <span class='ocrx_word' id='word_1_440' title='bbox 1676 2658 1812 2704; x_wconf 85' lang='grc' dir='ltr'><em>ὄχθαις</em></span> <span class='ocrx_word' id='word_1_441' title='bbox 1835 2663 1901 2693; x_wconf 80' lang='grc' dir='ltr'>τοῦ</span> <span class='ocrx_word' id='word_1_442' title='bbox 1930 2655 2037 2704; x_wconf 81' lang='grc' dir='ltr'><em>Τιβέ-</em></span> 
     </span>
    </p>
   </div>
   <div class='ocr_carea' id='block_1_7' title="bbox 298 2704 2038 2803">
    <p class='ocr_par' dir='ltr' id='par_1_9' title="bbox 298 2704 2038 2803">
     <span class='ocr_line' id='line_1_42' title="bbox 299 2704 2038 2756; baseline -0.004 -10"><span class='ocrx_word' id='word_1_443' title='bbox 299 2713 404 2756; x_wconf 83' lang='grc' dir='ltr'><em>ριδος</em></span> <span class='ocrx_word' id='word_1_444' title='bbox 435 2711 497 2746; x_wconf 85' lang='grc' dir='ltr'><em>καὶ</em></span> <span class='ocrx_word' id='word_1_445' title='bbox 529 2709 718 2755; x_wconf 83' lang='grc' dir='ltr'><em>τραφέντα</em></span> <span class='ocrx_word' id='word_1_446' title='bbox 750 2709 834 2745; x_wconf 80' lang='grc' dir='ltr'><strong><em>ἐκεῖ.</em></strong></span> <span class='ocrx_word' id='word_1_447' title='bbox 885 2707 1038 2753; x_wconf 80' lang='grc' dir='ltr'><em>κυρίους</em></span> <span class='ocrx_word' id='word_1_448' title='bbox 1068 2707 1138 2753; x_wconf 86' lang='grc' dir='ltr'>γὰρ</span> <span class='ocrx_word' id='word_1_449' title='bbox 1172 2707 1326 2747; x_wconf 76' lang='grc' dir='ltr'><em>ἑαυτοὺς</em></span> <span class='ocrx_word' id='word_1_450' title='bbox 1356 2707 1419 2742; x_wconf 82' lang='grc' dir='ltr'><em>καὶ</em></span> <span class='ocrx_word' id='word_1_451' title='bbox 1444 2705 1643 2751; x_wconf 80' lang='grc' dir='ltr'><em>δεσπότας,</em></span> <span class='ocrx_word' id='word_1_452' title='bbox 1668 2704 1749 2742; x_wconf 79' lang='grc' dir='ltr'><em>ἀλλ’</em></span> <span class='ocrx_word' id='word_1_453' title='bbox 1779 2706 1822 2741; x_wconf 83' lang='grc' dir='ltr'><em>οὐ</em></span> <span class='ocrx_word' id='word_1_454' title='bbox 1855 2705 2038 2752; x_wconf 77' lang='grc' dir='ltr'><em>βασιλέας,</em></span> 
     </span>
     <span class='ocr_line' id='line_1_43' title="bbox 298 2753 2036 2803; baseline -0.004 -9"><span class='ocrx_word' id='word_1_455' title='bbox 298 2759 478 2803; x_wconf 80' lang='grc' dir='ltr'><em>τύραννοι</em></span> <span class='ocrx_word' id='word_1_456' title='bbox 505 2760 654 2803; x_wconf 85' lang='grc' dir='ltr'><em>φιλοῦσι</em></span> <span class='ocrx_word' id='word_1_457' title='bbox 679 2758 911 2802; x_wconf 51' lang='lat' dir='ltr'>mmmmm</span> <span class='ocrx_word' id='word_1_458' title='bbox 936 2758 982 2800; x_wconf 80' lang='lat' dir='ltr'>cf.</span> <span class='ocrx_word' id='word_1_459' title='bbox 1002 2756 1046 2791; x_wconf 78' lang='lat' dir='ltr'>de</span> <span class='ocrx_word' id='word_1_460' title='bbox 1065 2757 1086 2791; x_wconf 82' lang='lat' dir='ltr'>l.</span> <span class='ocrx_word' id='word_1_461' title='bbox 1108 2757 1130 2791; x_wconf 81' lang='lat' dir='ltr'>l.</span> <span class='ocrx_word' id='word_1_462' title='bbox 1147 2756 1182 2790; x_wconf 90' lang='lat' dir='ltr'><strong><em>V</em></strong></span> <span class='ocrx_word' id='word_1_463' title='bbox 1195 2758 1241 2790; x_wconf 88' lang='lat'>21</span> <span class='ocrx_word' id='word_1_464' title='bbox 1256 2766 1283 2790; x_wconf 82' lang='lat' dir='ltr'>s.</span> <span class='ocrx_word' id='word_1_465' title='bbox 1297 2755 1348 2798; x_wconf 79' lang='lat' dir='ltr'>f.;</span> <span class='ocrx_word' id='word_1_466' title='bbox 1371 2756 1472 2790; x_wconf 80' lang='lat' dir='ltr'>Plut.</span> <span class='ocrx_word' id='word_1_467' title='bbox 1490 2754 1556 2800; x_wconf 77' lang='lat' dir='ltr'>Qu.</span> <span class='ocrx_word' id='word_1_468' title='bbox 1572 2755 1619 2789; x_wconf 87' lang='lat' dir='ltr'>R.</span> <span class='ocrx_word' id='word_1_469' title='bbox 1634 2757 1700 2797; x_wconf 85' lang='lat'><strong><em>59,·</em></strong></span> <span class='ocrx_word' id='word_1_470' title='bbox 1728 2753 1808 2789; x_wconf 79' lang='lat' dir='ltr'>GL.</span> <span class='ocrx_word' id='word_1_471' title='bbox 1826 2753 1887 2788; x_wconf 89' lang='lat' dir='ltr'>VI</span> <span class='ocrx_word' id='word_1_472' title='bbox 1901 2755 1981 2796; x_wconf 86' lang='lat'><strong><em>194,</em></strong></span> <span class='ocrx_word' id='word_1_473' title='bbox 1993 2755 2036 2787; x_wconf 88' lang='lat'>11</span> 
     </span>
    </p>
   </div>
   <div class='ocr_carea' id='block_1_8' title="bbox 424 1872 580 1877">
    <p class='ocr_par' dir='ltr' id='par_1_10' title="bbox 424 1872 580 1877">
     <span class='ocr_line' id='line_1_44' title="bbox 424 1872 580 1877; baseline 0 0"><span class='ocrx_word' id='word_1_474' title='bbox 424 1872 580 1877; x_wconf 95' lang='lat' dir='ltr'> </span> 
     </span>
    </p>
   </div>
   <div class='ocr_carea' id='block_1_9' title="bbox 298 2833 583 2838">
    <p class='ocr_par' dir='ltr' id='par_1_11' title="bbox 298 2833 583 2838">
     <span class='ocr_line' id='line_1_45' title="bbox 298 2833 583 2838; baseline 0 0"><span class='ocrx_word' id='word_1_475' title='bbox 298 2833 583 2838; x_wconf 95' lang='lat' dir='ltr'> </span> 
     </span>
    </p>
   </div>
   <div class='ocr_carea' id='block_1_10' title="bbox 299 2852 2040 3007">
    <p class='ocr_par' dir='ltr' id='par_1_12' title="bbox 299 2852 2040 3007">
     <span class='ocr_line' id='line_1_46' title="bbox 418 2852 2039 2911; baseline -0.005 -10"><span class='ocrx_word' id='word_1_476' title='bbox 418 2869 437 2900; x_wconf 89' lang='lat'><strong>3</strong></span> <span class='ocrx_word' id='word_1_477' title='bbox 474 2870 558 2901; x_wconf 75' lang='lat' dir='ltr'>ante</span> <span class='ocrx_word' id='word_1_478' title='bbox 592 2879 612 2911; x_wconf 95' lang='grc' dir='ltr'><em>χ</em></span> <span class='ocrx_word' id='word_1_479' title='bbox 637 2868 663 2901; x_wconf 84' lang='lat'><em>2</em></span> <span class='ocrx_word' id='word_1_480' title='bbox 688 2865 755 2900; x_wconf 77' lang='lat' dir='ltr'>litt.</span> <span class='ocrx_word' id='word_1_481' title='bbox 782 2865 839 2900; x_wconf 83' lang='lat' dir='ltr'>del</span> <span class='ocrx_word' id='word_1_482' title='bbox 873 2865 914 2899; x_wconf 74' lang='lat' dir='ltr'>in</span> <span class='ocrx_word' id='word_1_483' title='bbox 947 2875 1022 2898; x_wconf 72' lang='lat' dir='ltr'>uno</span> <span class='ocrx_word' id='word_1_484' title='bbox 1056 2863 1151 2898; x_wconf 72' lang='lat' dir='ltr'>md..-</span> <span class='ocrx_word' id='word_1_485' title='bbox 1184 2862 1432 2907; x_wconf 74' lang='lat' dir='ltr'>supplementa</span> <span class='ocrx_word' id='word_1_486' title='bbox 1466 2862 1662 2896; x_wconf 77' lang='lat' dir='ltr'>incertiora</span> <span class='ocrx_word' id='word_1_487' title='bbox 1696 2861 1739 2895; x_wconf 86' lang='lat' dir='ltr'>ob</span> <span class='ocrx_word' id='word_1_488' title='bbox 1773 2852 2039 2903; x_wconf 70' lang='lat' dir='ltr'>discrepantias</span> 
     </span>
     <span class='ocr_line' id='line_1_47' title="bbox 301 2905 2037 2958; baseline -0.005 -10"><span class='ocrx_word' id='word_1_489' title='bbox 301 2915 444 2949; x_wconf 80' lang='lat' dir='ltr'>testium</span> <span class='ocrx_word' id='word_1_490' title='bbox 470 2915 479 2958; x_wconf 79' lang='grc' dir='ltr'>ΙΙ</span> <span class='ocrx_word' id='word_1_491' title='bbox 507 2917 525 2947; x_wconf 83' lang='lat'><strong>7</strong></span> <span class='ocrx_word' id='word_1_492' title='bbox 553 2912 641 2947; x_wconf 88' lang='lat' dir='ltr'>illae</span> <span class='ocrx_word' id='word_1_493' title='bbox 668 2912 774 2956; x_wconf 88' lang='lat' dir='ltr'>quia:</span> <span class='ocrx_word' id='word_1_494' title='bbox 800 2923 881 2948; x_wconf 84' lang='lat' dir='ltr'>corr</span> <span class='ocrx_word' id='word_1_495' title='bbox 894 2911 981 2947; x_wconf 76' lang='lat' dir='ltr'>Keil</span> <span class='ocrx_word' id='word_1_496' title='bbox 1017 2912 1028 2955; x_wconf 92' lang='grc' dir='ltr'>ΙΙ</span> <span class='ocrx_word' id='word_1_497' title='bbox 1067 2913 1110 2944; x_wconf 93' lang='grc'><em>10</em></span> <span class='ocrx_word' id='word_1_498' title='bbox 1137 2910 1224 2945; x_wconf 90' lang='lat' dir='ltr'>sunt</span> <span class='ocrx_word' id='word_1_499' title='bbox 1249 2919 1361 2953; x_wconf 89' lang='lat' dir='ltr'>quac:</span> <span class='ocrx_word' id='word_1_500' title='bbox 1400 2920 1480 2944; x_wconf 81' lang='lat' dir='ltr'>corr</span> <span class='ocrx_word' id='word_1_501' title='bbox 1494 2909 1581 2944; x_wconf 83' lang='lat' dir='ltr'>Keil</span> <span class='ocrx_word' id='word_1_502' title='bbox 1616 2909 1627 2953; x_wconf 77' lang='grc' dir='ltr'>ΙΙ</span> <span class='ocrx_word' id='word_1_503' title='bbox 1667 2911 1708 2942; x_wconf 79' lang='grc'>17</span> <span class='ocrx_word' id='word_1_504' title='bbox 1723 2918 1795 2952; x_wconf 82' lang='lat' dir='ltr'>sqq.</span> <span class='ocrx_word' id='word_1_505' title='bbox 1823 2906 1869 2940; x_wconf 89' lang='lat' dir='ltr'>de</span> <span class='ocrx_word' id='word_1_506' title='bbox 1894 2905 2037 2951; x_wconf 86' lang='lat' dir='ltr'>origine</span> 
     </span>
     <span class='ocr_line' id='line_1_48' title="bbox 299 2953 2040 3007; baseline -0.005 -11"><span class='ocrx_word' id='word_1_507' title='bbox 299 2960 451 3007; x_wconf 86' lang='lat' dir='ltr'>linguae</span> <span class='ocrx_word' id='word_1_508' title='bbox 477 2960 617 2995; x_wconf 88' lang='lat' dir='ltr'>latinae</span> <span class='ocrx_word' id='word_1_509' title='bbox 643 2959 693 2994; x_wconf 92' lang='lat' dir='ltr'>III</span> <span class='ocrx_word' id='word_1_510' title='bbox 719 2960 872 2995; x_wconf 75' lang='lat' dir='ltr'>Hieron.</span> <span class='ocrx_word' id='word_1_511' title='bbox 900 2959 995 2994; x_wconf 71' lang='lat' dir='ltr'>imi..-</span> <span class='ocrx_word' id='word_1_512' title='bbox 1029 2958 1094 2993; x_wconf 80' lang='lat' dir='ltr'>ubi</span> <span class='ocrx_word' id='word_1_513' title='bbox 1119 2957 1167 2991; x_wconf 89' lang='lat' dir='ltr'>ad</span> <span class='ocrx_word' id='word_1_514' title='bbox 1193 2956 1255 2992; x_wconf 87' lang='lat' dir='ltr'>Cn.</span> <span class='ocrx_word' id='word_1_515' title='bbox 1279 2956 1499 3001; x_wconf 87' lang='lat' dir='ltr'>Pompeium</span> <span class='ocrx_word' id='word_1_516' title='bbox 1524 2955 1703 3000; x_wconf 86' lang='lat' dir='ltr'>Magnum</span> <span class='ocrx_word' id='word_1_517' title='bbox 1730 2954 1805 2990; x_wconf 80' lang='lat' dir='ltr'>add</span> <span class='ocrx_word' id='word_1_518' title='bbox 1830 2953 2040 2989; x_wconf 68' lang='lat' dir='ltr'>Wamanns</span> 
     </span>
    </p>
   </div>
   <div class='ocr_carea' id='block_1_11' title="bbox 293 3002 1307 3053">
    <p class='ocr_par' dir='ltr' id='par_1_13' title="bbox 293 3002 1307 3053">
     <span class='ocr_line' id='line_1_49' title="bbox 293 3002 1307 3053; baseline -0.005 -10"><span class='ocrx_word' id='word_1_519' title='bbox 293 3012 493 3053; x_wconf 70' lang='lat' dir='ltr'>praeeunte</span> <span class='ocrx_word' id='word_1_520' title='bbox 519 3008 715 3044; x_wconf 81' lang='lat' dir='ltr'>Ritschelio</span> <span class='ocrx_word' id='word_1_521' title='bbox 740 3006 752 3053; x_wconf 75' lang='grc' dir='ltr'>Η</span> <span class='ocrx_word' id='word_1_522' title='bbox 778 3010 821 3041; x_wconf 81' lang='grc'>22</span> <span class='ocrx_word' id='word_1_523' title='bbox 850 3006 968 3042; x_wconf 77' lang='grc' dir='ltr'><em>ἐκεῖνο</em></span> <span class='ocrx_word' id='word_1_524' title='bbox 994 3017 1038 3041; x_wconf 77' lang='lat' dir='ltr'>ex</span> <span class='ocrx_word' id='word_1_525' title='bbox 1064 3002 1207 3040; x_wconf 77' lang='grc' dir='ltr'><em>ἐκείνου</em></span> <span class='ocrx_word' id='word_1_526' title='bbox 1233 3005 1307 3039; x_wconf 83' lang='lat' dir='ltr'>cod.</span> 
     </span>
    </p>
   </div>
  </div>
 </body>
</html>
