2144 3340
761 102 1130 145 PmLEGOMENA
1763 102 1831 139 XV

67 215 228 260 ticulas
247 218 453 260 tractasse
473 214 622 271 prodit
642 212 716 272 (cf.
729 213 886 258 Philol.
906 215 936 257 t.
949 211 1054 256 XIII
1074 228 1116 270 p.
1131 204 1219 256 690
1233 212 1361 272 adn..)
1407 211 1492 256 Sed
1518 212 1682 269 priores
1701 211 1833 270 longe

67 287 287 346 superavit
318 285 496 331 Henrici
527 285 628 329 Keil
659 285 907 342 diligentia,
951 284 1027 341 qui
1059 299 1170 341 quae
1202 284 1332 328 solita
1363 299 1466 327 cura
1498 286 1747 327 enotaverat
1776 284 1830 327 ad

66 358 299 404 editionem
330 357 527 401 Muelleri
561 357 675 400 dono
707 357 826 400 dedit
858 356 1081 400 Leonardo
1115 355 1315 414 Spengel,
1349 356 1462 400 unde
1495 356 1531 399 is
1562 356 1751 412 primum
1784 355 1829 398 in

66 430 428 476 commentatione
472 444 509 472 a.
543 429 659 473 1854
704 429 872 472 veriora
914 428 1080 484 docuit,
1124 427 1277 471 deinde
1310 427 1433 482 alias,
1478 427 1614 472 donec
1652 441 1704 470 ex
1737 427 1831 470 eius

65 501 235 547 schedis
266 501 462 546 Andreas
493 501 610 544 filius
642 516 678 544 a.
708 499 823 544 1885
856 501 975 543 omni
1006 500 1175 543 ratione
1207 513 1364 542 novam
1390 499 1743 555 emendatumque
1770 513 1831 540 re-

67 573 310 618 censionem
334 572 564 617 emitteret.
613 571 793 616 Interim
819 574 995 616 auctore
1021 570 1319 615 Studemundo
1345 570 1530 614 Adolfus
1557 570 1710 626 Groth,
1735 585 1833 613 cum

67 660 102 690 a.
133 644 246 689 1877
274 644 519 688 Florentiae
551 647 806 700 versaretur,
836 643 994 687 librum
1030 644 1272 687 accuratius
1305 643 1491 687 contulit
1522 657 1619 685 cum
1644 641 1831 699 Spenge-

67 716 185 761 liana
224 716 368 773 priore
410 716 634 772 tribusque
665 715 788 760 annis
828 718 927 772 post
965 716 1011 758 in
1048 715 1425 773 dissertationibus
1456 713 1833 772 Argentoratensi-

23 789 28 795 ”
66 788 149 832 bus
173 787 238 832 IV
262 804 302 845 p.
330 788 384 831 81
407 802 500 844 sqq.
527 803 636 844 quae
662 788 947 844 exscripserat
971 787 1222 844 publicavit.
1268 787 1401 830 Keilii
1428 785 1687 842 Grothiique
1712 786 1832 828 testi-

65 859 213 904 monia
254 860 371 903 haud
414 874 510 903 raro
554 859 668 903 inter
705 874 749 903 se
788 859 1077 916 discrepantia
1118 873 1216 902 cum
1248 858 1300 902 A.
1327 857 1515 916 Spengel
1548 858 1834 913 coniunxerit,

67 946 149 976 nos
182 947 268 988 quo
295 932 454 975 certius
482 932 846 989 distingueremus
877 931 1067 988 primum
1087 929 1336 987 Augustum
1357 930 1603 973 Wilmanns
1636 930 1835 986 adiimus,

71 1004 147 1060 qui
171 1004 264 1061 ipse
290 1018 462 1060 quoque
488 1003 593 1046 olim
619 1002 809 1047 codicem
836 1006 1093 1059 excusserat,
1125 1003 1228 1059 quia
1251 1006 1353 1059 post
1378 1002 1595 1060 egregiam
1620 1003 1834 1059 fragmen-

68 1078 214 1118 torum
252 1076 636 1132 grammaticorum
673 1075 1054 1132 pertractationem
1093 1075 1305 1118 librorum
1347 1075 1398 1118 de
1429 1074 1509 1117 1.1.
1540 1075 1833 1117 recensionem

69 1147 169 1190 dare
201 1147 247 1190 in
278 1147 421 1191 animo
452 1147 658 1190 habebat:
691 1146 807 1203 quod
839 1146 1068 1190 consilium
1099 1146 1267 1189 utinam
1300 1149 1528 1190 exsecutus
1560 1148 1690 1190 esset!
1748 1146 1832 1197 Qui

66 1218 134 1262 vir
164 1218 502 1261 humanissimus
533 1233 786 1275 semperque
817 1218 945 1261 nobis
976 1218 1212 1261 benevolus
1239 1218 1438 1261 idoneam
1465 1218 1519 1261 ob
1547 1233 1719 1262 causam
1745 1233 1836 1261 non

65 1290 211 1346 potuit
241 1289 367 1333 nobis
399 1290 623 1347 copiarum
654 1305 830 1334 suarum
863 1290 1031 1346 copiam
1064 1290 1214 1333 facere.
1279 1289 1420 1341 Quare
1452 1305 1485 1332 a.
1516 1290 1631 1333 1906
1659 1289 1833 1333 Schoell

65 1361 256 1419 relegere
280 1361 441 1404 librum
468 1362 713 1404 constituit:
740 1362 815 1417 qui
843 1376 940 1404 cum
967 1361 1021 1404 ab
1048 1361 1175 1404 initio
1202 1361 1511 1418 discrepantias
1537 1364 1708 1405 tantum
1737 1363 1835 1405 illas

65 1432 276 1489 respicere
316 1432 545 1489 voluisset,
588 1448 691 1476 mox
728 1433 945 1477 intellexit
974 1434 1152 1489 plenum
1192 1435 1445 1478 contextum
1483 1433 1833 1490 perlustrandum

66 1518 176 1548 esse:
209 1504 322 1548 unde
351 1519 478 1561 saepe
497 1504 701 1560 Keilium,
732 1505 952 1548 interdum
984 1506 1115 1548 etiam
1137 1504 1367 1549 Grothium
1399 1521 1550 1549 verum
1581 1505 1740 1549 vidisse
1771 1506 1835 1548 in-

67 1576 254 1632 tellexit,
284 1590 609 1632 nonnumquam
641 1591 741 1620 vero
774 1578 828 1620 ab
860 1579 1048 1633 utroque
1079 1578 1277 1634 recessit,
1307 1593 1395 1621 non
1426 1578 1556 1622 modo
1575 1579 1635 1621 .in
1664 1578 1834 1621 ratione

68 1647 468 1705 discrepantiarum,
489 1651 846 1705 correcturarum,
866 1649 1195 1693 distinctionum
1214 1650 1514 1706 notandarum,
1533 1665 1682 1693 verum
1704 1650 1834 1692 etiam

70 1719 116 1762 in
146 1719 253 1775 ipsis
282 1718 594 1778 lectionibus.¹)
645 1719 734 1764 Vbi
766 1721 1043 1765 discessimus
1074 1737 1099 1764 a
1132 1722 1327 1778 priorum
1360 1722 1622 1765 testimoniis
1653 1724 1729 1764 aut
1761 1721 1835 1764 du-

66 1790 322 1835 bitationem
361 1795 502 1834 ortam
541 1792 697 1836 certius
742 1794 895 1836 tollere
932 1793 1163 1849 voluimus,
1201 1794 1372 1850 saepius
1410 1795 1510 1850 (sic)
1555 1793 1834 1850 adposuimus

68 1861 292 1919 scripturis
325 1863 370 1906 in
402 1866 613 1920 apparatu
643 1863 850 1908 exhibitis
882 1865 953 1908 vel
983 1865 1069 1908 alio
1102 1865 1231 1909 modo
1265 1866 1524 1922 scripturam
1556 1881 1582 1908 a
1612 1865 1739 1909 nobis
1765 1865 1835 1908 da-

69 1936 158 1977 tam
191 1935 554 1979 confirmavimus.
626 1934 751 1987 Quod
781 1935 829 1979 L.
857 1935 1045 1993 Spengel
1076 1940 1120 1980 et
1151 1939 1197 1980 in
1229 1941 1454 1982 comment.
1487 1953 1522 1980 a.
1559 1937 1675 1982 1854
1716 1940 1758 1980 et
1790 1939 1836 1980 in

69 2004 228 2061 praefi*
258 2021 299 2061 p.
325 2005 367 2048 V
399 2021 497 2050 cum
523 2006 664 2050 Keilio
698 2008 803 2051 dicit
835 2008 1023 2066 ‘singula
1052 2008 1160 2052 folia
1190 2010 1389 2053 versibus
1420 2010 1514 2053 XL’
1548 2012 1758 2065 constare,
1789 2009 1836 2051 id

71 2090 159 2119 non
191 2091 368 2132 prorsus
400 2092 549 2120 verum
581 2093 673 2121 esse
705 2093 757 2121 ex
789 2079 851 2122 eis
882 2080 1023 2123 elucet
1054 2095 1164 2136 quae
1196 2096 1237 2138 p.
1267 2081 1401 2137 125‚9
1422 2097 1514 2138 sqq.
1548 2085 1591 2124 et
1625 2080 1758 2134 146‚5
1792 2084 1835 2122 et

74 2147 206 2204 179,3
231 2148 530 2192 adnotavimus
557 2147 630 2207 (cf.
656 2150 785 2193 etiam
812 2166 852 2207 p.
874 2150 928 2193 91
958 2165 990 2193 s.
1015 2151 1045 2194 f.
1072 2154 1115 2194 et
1142 2152 1195 2194 ad
1226 2153 1356 2208 133,7
1380 2168 1493 2209 sqq.:
1524 2152 1600 2196 ubi
1626 2152 1756 2196 simul
1782 2152 1836 2194 de

71 2218 303 2262 distributo
336 2220 551 2263 scribendi
581 2221 758 2278 negotio
791 2222 928 2278 deque
961 2223 1198 2279 scripturae
1230 2224 1397 2267 vicibus
1428 2225 1696 2280 monuimus,
1725 2238 1835 2280 quae

70 2293 262 2347 repetere
292 2291 377 2335 hoc
406 2293 504 2336 loco
535 2291 771 2352 nolumus).
835 2292 1137 2338 Gratissimum
1172 2310 1273 2339 sane
1305 2296 1528 2352 accideret,
1560 2296 1598 2339 si
1625 2296 1742 2352 quod
1766 2294 1837 2338 his

71 2362 338 2419 temporibus
369 2366 437 2407 tot
463 2363 683 2408 codicibus
710 2365 897 2424 contigit
928 2366 1228 2424 contingitque
1255 2368 1385 2411 etiam
1410 2368 1512 2411 huic
1539 2367 1710 2411 cimelio
1738 2382 1836 2411 con-

72 2433 276 2491 tingeret,
314 2434 478 2478 scilicet
507 2438 558 2478 ut
589 2438 707 2479 totus
738 2437 1024 2494 phototypica
1055 2442 1146 2481 arte
1179 2439 1494 2497 depingeretur.
1568 2439 1747 2483 Interim
1783 2439 1837 2482 ad

72 2506 200 2549 unius
232 2506 417 2564 paginae
448 2507 681 2564 imaginem
713 2508 766 2551 ab
787 2508 975 2552 Aemilio
997 2509 1222 2554 Chatelain
1255 2513 1299 2554 in
1326 2526 1453 2568 opere
1478 2512 1712 2555 utilissimo
1739 2526 1835 2567 pro-

73 2576 260 2634 positam
292 2575 353 2634 (p.
382 2578 755 2636 173‚4—175‚28
783 2596 836 2623 ex
866 2583 1016 2624 nostra
1041 2581 1248 2641 editione)
1282 2583 1529 2640 delegamus
1555 2586 1599 2627 et
1623 2583 1677 2626 ad
1708 2584 1838 2627 ratio-

74 2662 172 2692 nem
203 2648 305 2692 libri
330 2674 390 2680 —
414 2665 502 2694 non
528 2665 629 2694 sane
660 2650 922 2695 litterarum!
948 2678 1007 2683 —
1033 2653 1192 2697 clarius
1220 2655 1625 2710 repraesentandam
1650 2655 1835 2711 primam

73 2722 299 2763 contextus
331 2722 532 2778 paginam
563 2737 589 2765 a
620 2721 838 2768 Schoellio
871 2724 1130 2781 descriptam
1163 2727 1282 2782 typis
1314 2727 1579 2771 exhibemus.

197 2875 231 2920 1)
260 2877 339 2919 122,
354 2878 375 2911 3
394 2874 462 2911 ubi
481 2886 584 2912 error
603 2877 823 2912 commissus
843 2879 901 2913 est
919 2879 959 2913 et
976 2878 1016 2914 in
1037 2879 1123 2915 adn.
1145 2881 1184 2915 et
1203 2879 1242 2915 in
1258 2878 1498 2927 Corrigendis
1517 2882 1684 2925 notatus,
1704 2879 1836 2915 Hiero-

77 2943 212 2978 nymus
237 2933 406 2971 Vitelli
438 2935 581 2972 amicus
612 2936 776 2983 benigne
801 2938 845 2973 ut
870 2936 967 2974 solet
992 2938 1114 2975 denuo
1141 2939 1267 2975 locum
1299 2940 1463 2986 inspexit
1494 2940 1662 2985 itemque
1689 2939 1735 2974 de
1761 2938 1838 2974 alia

75 3001 116 3027 re
141 2992 351 3029 sciscitanti
376 2994 582 3040 respondit.
