2176 3386
852 198 1159 236 rRAGMENTA
1204 254 1207 256 μ
1797 198 1879 241 241

342 310 410 354 bis
441 324 514 354 eas
544 309 839 354 subtrahimus
876 323 930 353 ne
965 310 1145 353 onerent
1175 322 1333 352 aurem.
1395 322 1495 351 nam
1527 308 1639 351 unde
1670 312 1736 352 est
1768 309 1882 365 quod

342 381 495 426 amasti
521 381 704 426 dicimus
734 380 940 424 libentius
966 394 1095 437 quam
1121 380 1322 424 amavisti
1350 382 1394 423 et
1418 380 1535 423 nosti
1562 367 1883 436 quam⁶novisti

342 456 387 497 et
417 453 526 498 abiit
555 467 645 496 non
675 451 811 496 abivit
841 454 886 495 et
924 453 971 495 in
1001 450 1116 495 hunc
1147 452 1324 495 modum
1358 450 1717 495 innumerabilia?
1779 466 1882 508 ergo

344 539 441 568 cum
472 524 655 567 dicimus
687 525 785 580 vim,
817 538 948 567 sonus
979 523 1100 567 verbi
1132 527 1181 567 ut
1211 523 1374 567 dictum
1407 526 1472 566 est
1503 523 1626 579 quasi
1657 523 1883 580 valid[i]us

92 619 109 648 ι
343 595 546 654 congruit
583 596 646 639 rei
684 611 813 653 quam
854 595 1081 653 significat.
1144 595 1228 638 iam
1270 610 1323 638 ex
1364 594 1439 637 ina
1470 594 1692 638 vicinitate
1731 609 1809 651 per
1840 594 1883 638 id

343 668 459 725 quod
491 667 698 723 efficiunt,
731 667 815 711 hoc
845 670 910 710 est
941 668 1042 723 quia
1072 666 1262 710 violenta
1293 669 1406 722 sunt,
1438 666 1553 710 dicta
1583 666 1754 710 vincula
1785 682 1883 723 pos-

343 742 444 784 sunt
473 739 610 783 videri
641 742 684 783 et
714 739 858 783 vimen
888 754 973 795 quo
1006 738 1170 795 aliquid
1200 738 1424 781 vinciatur.
1480 738 1579 781 inde
1609 739 1733 794 vites,
1765 738 1880 795 quod

342 811 603 855 adminicula
644 811 800 868 quibus
843 810 1089 854 innituntur
1128 810 1310 854 nexibus
1353 809 1581 866 prendunt.
1651 810 1754 854 hinc
1796 810 1883 853 iam

341 886 519 941 propter
573 882 900 926 similitudinem
959 883 1184 927 incurvum
1239 897 1385 926 senem
1440 882 1603 925 vietum
1655 880 1883 925 Terentius

76 978 110 1006 ,ο
343 955 476 1008 (Eun.
502 958 607 1008 688)
639 954 885 1012 appellavit.
946 954 1050 998 hinc
1085 956 1200 997 terra
1231 968 1341 1011 quae
1372 953 1554 1010 pedibus
1586 953 1882 996 itinerantium

0 1031 1 1049 ³
343 1026 533 1070 flexuosa
559 1030 603 1070 et
634 1027 738 1070 trita
770 1030 835 1069 est
860 1026 930 1070 via
956 1026 1130 1069 dicitur:
1163 1026 1200 1069 si
1232 1028 1376 1068 autem
1403 1025 1485 1081 via,
1510 1025 1627 1081 quod
1651 1025 1694 1067 vi
1725 1025 1884 1081 pedum

342 1099 446 1142 trita
472 1102 548 1156 est,
573 1099 712 1156 magis
739 1099 928 1142 creditur
946 1098 1075 1154 dicta,
1100 1098 1212 1141 redit
1238 1098 1360 1154 origo
1386 1097 1441 1140 ad
1466 1096 1585 1140 illam
1605 1096 1882 1140 vicinitatem.

342 1171 416 1214 sed
447 1170 654 1214 faciamus
686 1184 711 1212 a
742 1170 1024 1214 similitudine
1053 1170 1155 1213 vitis
1179 1168 1249 1213 vel
1274 1169 1461 1224 viminis,
1490 1168 1575 1212 hoc
1606 1171 1671 1212 est
1702 1184 1727 1211 a
1758 1168 1884 1223 flexu,

342 1257 435 1286 esse
466 1243 642 1286 dictam:
675 1242 844 1299 quaerit
873 1257 976 1300 ergo
1008 1258 1033 1285 a
1063 1256 1132 1285 me
1157 1242 1385 1298 quispiam,
1417 1255 1547 1297 quare
1573 1241 1643 1283 via
1667 1240 1783 1283 dicta
1809 1239 1883 1296 sit3

74 1337 107 1364 η
341 1314 579 1371 respondeo
611 1329 636 1357 a
667 1315 781 1358 flexu
788 1348 801 1370 ,
832 1314 948 1370 quod
979 1314 1138 1357 flexum
1169 1312 1289 1357 velut
1319 1313 1545 1357 incurvum
1576 1313 1740 1355 vietum
1771 1314 1884 1355 vete-

341 1401 408 1430 res
446 1386 662 1441 dixerunt,
701 1386 813 1429 unde
850 1385 1029 1443 vi[e]t0s
1067 1386 1199 1428 etiam
1238 1399 1347 1442 quae
1385 1384 1599 1441 cant<h>o
1637 1383 1885 1427 ambiantur

340 1461 533 1502 rotarum
582 1458 702 1516 ligna
745 1461 912 1501 vocant.
984 1458 1259 1514 persequitur
1302 1471 1516 1513 quaerere,
1565 1455 1678 1498 unde
1721 1456 1883 1498 vietum

340 1530 501 1573 flexum
534 1529 719 1572 dicatur:
751 1532 795 1572 et
823 1529 896 1572 hic
926 1529 1166 1586 respondeo
1198 1544 1224 1572 a
1256 1527 1542 1571 similitudine
1573 1527 1687 1570 vitis.
1750 1527 1884 1570 instat

341 1604 471 1658 atque
503 1600 650 1658 exigit,
681 1601 794 1644 unde
825 1601 887 1645 ita
927 1601 984 1645 sit
1015 1600 1117 1644 vitis
1148 1615 1326 1644 nomen:
1369 1600 1464 1643 dico
1497 1599 1613 1656 quod
1644 1598 1805 1642 vinciat
1835 1613 1885 1642 ea

72 1695 106 1722 ,ο
340 1687 451 1729 quae
488 1672 872 1729 comprehenderit.
933 1675 1161 1728 scrutatur,
1201 1672 1346 1728 ipsum
1377 1672 1537 1714 vincire
1577 1670 1689 1713 unde
1721 1670 1884 1713 dictum

341 1745 415 1788 sit:
447 1744 638 1788 dicemus
663 1760 688 1787 a
715 1745 767 1787 vi.
811 1745 877 1788 vis
903 1758 1035 1801 quare
1066 1744 1130 1787 sic
1158 1743 1412 1800 appellatur,
1443 1742 1650 1800 requiret:
1682 1741 1884 1786 reddetur

340 1818 463 1868 ratio,
504 1816 621 1872 quod
660 1817 840 1860 robusto
881 1819 924 1859 et
962 1817 1086 1872 quasi
1116 1815 1260 1858 valido
1303 1830 1409 1859 sono
1441 1814 1620 1858 verbum
1660 1814 1722 1857 rei
1754 1828 1883 1870 quam

341 1887 559 1945 significat
601 1889 812 1945 congruit.
880 1888 996 1931 ultra
1039 1887 1155 1944 quod
1199 1888 1392 1943 requirat
1434 1901 1522 1929 non
1563 1885 1708 1929 habet.
1777 1889 1884 1942 quot

340 1959 480 2002 modis
511 1963 654 2003 autem
687 1961 810 2018 origo
836 1960 1067 2003 verborum
1099 1959 1374 2015 corruptione
1399 1973 1555 2002 vocum
1588 1958 1790 2013 varietur,
1822 1958 1884 2000 in-

71 2053 106 2080 2⁵
339 2034 487 2088 eptum
519 2034 585 2075 est
615 2032 844 2089 persequi]

245 2165 266 2196 2
294 2161 349 2205 Of.
378 2161 451 2198 Cic.
477 2166 569 2198 orat.
596 2164 668 2197 157
693 2161 799 2207 (quid
831 2160 932 2206 quod
969 2161 1022 2196 sic
1060 2160 1164 2205 loqui
1197 2171 1305 2196 nosse
1337 2160 1525 2196 iudicasse
1557 2161 1704 2205 vetant,
1736 2160 1883 2196 novisse

125 2208 258 2245 iubent
288 2210 327 2243 et
356 2208 607 2245 iudicavisse?
638 2209 749 2253 quasi
779 2219 864 2245 vero
896 2208 1106 2244 nesciamus
1138 2207 1177 2243 in
1209 2208 1281 2245 hoc
1312 2218 1448 2254 genere
1480 2208 1519 2243 et
1548 2207 1703 2253 plenum
1729 2207 1882 2243 verbum

125 2258 225 2292 recte
245 2256 320 2292 dici
340 2258 379 2292 et
403 2256 645 2292 imminutum
670 2256 846 2303 usitate);
874 2256 957 2293 GL.
977 2257 1006 2292 I
1018 2258 1106 2300 258,
1118 2258 1155 2291 2.
1182 2259 1269 2299 387,
1287 2259 1350 2300 22,
1370 2256 1418 2291 al.
1438 2258 1450 2301 ss
1471 2258 1491 2290 7
1513 2255 1568 2300 Of.
1583 2267 1624 2300 p.
1646 2258 1704 2300 13,
1719 2258 1742 2290 4
1760 2256 1884 2300 ibique

124 2304 212 2341 adn.
238 2306 391 2350 itemque
410 2316 449 2351 p.
471 2305 597 2351 32,611
623 2307 644 2339 9
667 2304 722 2349 Cf,
743 2317 784 2350 p.
802 2307 925 2349 20,14
949 2305 1072 2349 ibique
1091 2303 1178 2339 adn.
1199 2305 1210 2350 ΙΙ
1238 2307 1280 2340 11
1310 2304 1366 2348 Cf.
1386 2315 1426 2349 p.
1449 2306 1483 2347 6,
1497 2306 1530 2339 3.
1557 2305 1630 2347 9,2
1655 2304 1776 2349 ibique
1795 2303 1882 2339 adn.

126 2354 175 2397 (et
199 2354 335 2397 12‚16)
370 2354 382 2399 n
418 2356 461 2388 16
489 2353 545 2397 of.
566 2364 606 2399 p.
626 2354 770 2397 221,1;
798 2352 877 2388 TG.
902 2363 930 2388 ε.
957 2352 1078 2396 vitus;
1105 2350 1187 2387 GL.
1209 2352 1275 2388 IV
1294 2354 1378 2396 116,
1390 2354 1451 2387 22.
1479 2353 1563 2395 193,
1576 2354 1646 2394 24‚·
1678 2351 1712 2386 V
1735 2353 1884 2395 537‚27

124 2519 354 2575 equini-vel
379 2530 475 2565 quae
502 2520 532 2555 si
557 2521 568 2566 ΙΙ
597 2524 640 2555 10
665 2520 926 2556 itinerantium
943 2521 1000 2556 vel
1023 2519 1243 2556 iterantium
1268 2520 1279 2565 ΙΙ
1307 2523 1348 2555 11
1371 2521 1410 2554 et
1434 2518 1539 2566 trita]
1567 2530 1635 2554 an:
1662 2520 1700 2553 et
1726 2517 1882 2599 vietam

125 2568 319 2660 zzlvglxffliis
343 2567 357 2615 ll
384 2571 427 2603 14
446 2578 505 2603 me
524 2569 580 2605 vel
598 2578 621 2603 a
639 2578 699 2604 me
724 2569 735 2614 ΙΙ
763 2571 806 2604 16
826 2568 884 2604 del
904 2567 1119 2604 Buecheler.-
1144 2579 1175 2604 υ.
1202 2571 1278 2604 teet.
1302 2567 1308 2615 Ι
1330 2569 1444 2603 cantu
1462 2568 1517 2603 vel
1542 2569 1653 2602 canto
1679 2568 1690 2611 l!
1718 2569 1760 2602 19
1781 2577 1854 2611 quo

247 2476 265 2507 1
299 2483 362 2507 eas
393 2474 447 2509 vel
478 2483 562 2508 eam
593 2473 707 2518 (quod
742 2471 827 2516 fort.
857 2475 1024 2517 praestat
1060 2471 1251 2519 onere[n]t
1281 2472 1453 2518 reposito)
1489 2472 1495 2517 1
1529 2470 1628 2506 unde
1667 2471 1721 2507 vel
1758 2470 1846 2506 inde
1871 2472 1882 2515 ΙΙ

0 2093 10 2145 ἱῖ.

0 2150 3 2169 1

0 2180 9 2240 ἓ,

0 2242 6 2259 ³

0 2270 6 2296 k

0 2301 9 2358 ἴ

2 2392 10 2454 ἶ,

4 2488 14 2541 Ξ

0 2619 1 2636 ι

200 3181 298 3208 Varro
317 3182 354 3208 dc
373 3182 449 3215 ling.
467 3183 520 3209 lat.
1552 3176 1594 3208 16
