2176 3386
289 91 375 133 296
968 91 1346 127 ADNOTATIONES

287 206 332 241 ut
363 215 408 242 ex
434 203 699 252 Tyrannionis
724 203 822 241 libro
839 206 931 251 post
955 216 990 242 a.
1017 205 1076 242 46
1101 204 1270 243 adhibito
1288 206 1399 252 patet
1413 206 1506 253 post
1528 205 1645 243 libros
1669 205 1716 244 de
1740 206 1764 243 l.
1790 205 1815 244 l.
1841 206 1959 245 libros
1982 206 2053 257 de-

288 279 462 307 sermone
492 268 613 306 latino
639 268 759 306 editos
785 279 872 307 esse.
917 269 1008 308 Etsi
1041 268 1298 308 Ciceroniana
1329 270 1550 309 adhibuisse
1579 267 1641 309 his
1673 271 1784 309 libris
1816 271 2030 310 Varronem

289 334 449 372 aliunde
472 345 552 371 non
576 335 732 372 constat.
1953 336 1955 338 ’

409 404 506 453 203,
529 405 584 442 10
596 415 674 453 sqq.
709 404 768 452 Of.
788 404 1000 443 Buecheler
1017 406 1126 444 Mus.
1146 405 1269 444 Rhen.
1283 405 1376 444 -XL
1386 405 1451 444 VI
1461 418 1503 454 p.
1527 405 1623 444 159.
1658 405 1833 445 Ceterum
1855 406 1940 446 ideo
1964 407 2036 446 hoc

289 471 551 517 fraqmentum
585 471 756 516 sequenti
781 471 1101 518 praeposuimus,
1137 471 1379 509 contrarium
1413 471 1588 509 ordinem
1622 482 1708 509 cum
1743 471 1965 510 Wilmamns
1999 474 2034 510 et

288 534 480 573 Fwnaioli
505 534 754 579 exhibuerint,
780 535 874 583 quia
899 538 933 574 et
949 537 1151 584 praecedit
1174 535 1281 584 apud
1302 534 1472 576 Gellium
1497 539 1531 574 et
1547 547 1626 574 non
1643 537 1774 574 minus
1793 548 1910 584 quasm
1927 539 2035 575 ante-

289 598 424 638 cedens
449 601 588 647 spectet
612 599 665 638 ad
692 599 886 639 Graecam
910 600 1172 650 Latinamque
1204 612 1332 639 vocem
1355 600 1415 639 vel
1447 602 1616 649 formam
1649 603 1749 640 inter
1774 612 1814 640 se
1838 603 2034 650 conferen-

289 665 393 709 dam,
420 676 507 703 cwm
531 675 693 712 sequens
717 665 953 704 Latinorum
986 667 1155 714 formam
1180 667 1382 714 antiquam
1405 667 1547 704 recenti
1571 669 1747 715 opponat.
1789 665 2035 720 Quamquam

288 731 332 768 in
365 732 477 768 tanta
503 731 703 778 paucitate
735 732 1041 779 fraqmentorum
1073 730 1243 770 indicato
1278 731 1375 769 libro
1399 733 1641 770 servatorum
1663 743 1743 770 non
1767 732 1933 770 nimiwm
1963 732 2036 770 tali

290 796 447 839 rationi,
472 798 517 833 ut
532 807 614 843 par
640 797 704 840 est,
730 796 947 834 tribuimus.

411 867 508 915 204,
530 868 566 905 7.
598 866 692 905 Nisi
716 867 762 906 de
786 868 884 915 ipsis
908 868 1071 906 vestium
1095 868 1316 906 nominibus
1334 868 1453 906 verba
1477 869 1573 916 facit
1599 868 1737 913 Varro,
1754 867 1884 916 potuit
1900 867 1960 906 his
1978 868 2038 906 uti

291 933 335 970 in
359 933 645 979 comparatione
671 931 733 980 (ut
749 933 796 970 de
820 932 844 969 l.
865 933 889 970 l.
904 932 948 970 X
964 933 1023 971 27
1047 932 1186 970 stolam
1209 932 1434 971 muliebrem
1459 932 1642 981 adhibet),
1669 944 1697 970 e.
1720 944 1756 981 q.
1777 933 1823 970 de
1848 933 2037 981 epicoeno.

410 1003 509 1051 204,
532 1003 646 1051 9sqq.
683 1002 771 1041 Hoc
794 1004 1056 1052 fraqmentum
1076 1014 1121 1042 ex
1143 1002 1241 1041 libro
1268 1003 1306 1042 V
1327 1004 1373 1041 de
1391 1015 1420 1041 s.
1442 999 1467 1042 l.
1493 1002 1736 1051 desumptum
1768 1014 1858 1048 esse,
1892 1004 1928 1041 si
1956 1014 2038 1042 non

292 1070 448 1113 certum,
473 1069 515 1106 at
538 1069 620 1116 fere
644 1070 788 1106 certum
813 1070 867 1107 est
891 1068 936 1106 ob
961 1068 1255 1107 similitudinem
1280 1079 1368 1106 cumi
1391 1070 1563 1117 sequenti
1586 1068 1887 1107 intercedentem.

412 1133 509 1182 205,
532 1134 598 1171 17.
630 1133 853 1182 praecisum
878 1145 1001 1184 genus
1027 1132 1078 1171 ad
1099 1134 1343 1172 Reuvensius
1369 1134 1504 1172 collect.
1525 1134 1636 1172 litter.
1655 1145 1698 1182 p.
1721 1134 1818 1179 132,
1844 1144 1917 1181 quo
1942 1133 2038 1173 duce

292 1197 470 1249 praecise
499 1192 709 1250 [gener]ad
733 1199 925 1237 Funaioli
950 1210 995 1237 ex
1019 1200 1237 1238 coniectura
1255 1199 1503 1238 Buecheleri:
1527 1201 1593 1247 qui
1617 1201 1714 1238 recte
1737 1199 1860 1237 haesit
1883 1200 1927 1237 in
1951 1210 2038 1237 con-

290 1264 431 1302 iunctis
449 1263 574 1302 verbis
601 1275 646 1302 ex
664 1264 824 1312 vulgata
847 1263 1024 1313 praecise
1048 1266 1212 1314 generat
1236 1264 1507 1311 affectionem‚·
1530 1264 1598 1302 sed
1620 1275 1741 1312 neque
1758 1267 1856 1303 recte
1874 1265 2040 1315 generat

292 1329 518 1378 exquisitius
543 1330 791 1368 commutavit
813 1330 857 1368 in
879 1330 1042 1378 simplex
1068 1329 1119 1367 ad
1138 1328 1258 1378 (quod
1277 1331 1528 1377 artificiosius
1554 1330 1761 1378 explicetur
1780 1341 1826 1368 ex
1844 1324 2040 1382 gener(is)

287 1393 591 1443 praeoccupato)
610 1405 732 1443 neque
755 1397 854 1433 recte
877 1395 1056 1444 praecise
1076 1394 1127 1433 ad
1145 1395 1370 1445 passionem
1388 1395 1552 1443 iunqens
1576 1395 1738 1443 infregit
1754 1396 1833 1433 vim
1852 1394 2038 1439 adverbii,

291 1460 393 1508 quod
416 1459 452 1498 h.
472 1460 497 1497 l.
523 1459 697 1498 dubitari
720 1461 852 1509 nequit
876 1461 971 1508 quin
996 1461 1128 1499 eadem
1151 1461 1191 1498 vi
1218 1461 1361 1498 dictum
1385 1461 1436 1498 sit
1459 1471 1537 1507 qua
1561 1461 1732 1508 fiquram
1755 1459 1949 1509 praecisio
1975 1458 2039 1498 de-

291 1526 381 1572 finit
405 1521 589 1564 ‘incertus
613 1522 763 1563 auctor'
790 1526 843 1564 ad
867 1525 1113 1563 Herennium
1135 1525 1209 1564 IV
1232 1526 1289 1563 30
1314 1519 1526 1578 (praecisio
1553 1526 1613 1563 est
1638 1538 1727 1563 cum
1752 1524 1868 1563 dictis
1893 1524 2042 1574 quibus

290 1589 462 1639 reliqum
494 1589 600 1639 quod
632 1591 818 1640 coeptum
848 1592 908 1629 est
939 1590 1017 1628 dici
1047 1590 1290 1640 relinquitur
1313 1584 1584 1643 incohatum)-
1607 1591 1712 1628 unde
1735 1589 1911 1639 praecise
1937 1584 2040 1642 (scil.

298 1650 417 1708 dixit)
443 1657 697 1701 seiwnaeimus,
723 1667 811 1694 cwm
834 1656 1030 1705 praecisio
1055 1657 1219 1706 generat
1243 1655 1544 1694 Lindemannus
1568 1655 1724 1694 dederit.

416 1726 513 1775 205,
534 1728 589 1764 24
604 1738 658 1774 sq.
700 1726 878 1765 adfectus
904 1738 982 1775 pro
1017 1726 1196 1765 adfectae
1229 1727 1472 1765 Wilmanns:
1506 1728 1547 1765 at
1580 1725 1759 1765 adfectae
1791 1726 1873 1764 scil.
1901 1723 2042 1765 ‘oratio

293 1788 374 1836 est',
407 1803 493 1830 cum
524 1795 639 1830 antea
671 1794 705 1830 et
727 1795 866 1840 postea
897 1791 1075 1830 adfectus
1103 1793 1300 1840 qenetivus
1330 1793 1380 1830 sit
1410 1803 1497 1830 cwm
1529 1792 1656 1830 eodem
1685 1791 1956 1840 supplemento.
1982 1812 2040 1817 —

294 1857 578 1905 Fraqmentum
597 1856 699 1905 quod
709 1858 937 1905 proximum
956 1856 1051 1906 (82)
1073 1860 1127 1895 est
1145 1858 1253 1905 apud
1280 1857 1587 1896 Wilmannsium
1606 1859 1641 1894 et
1658 1857 1764 1905 apud
1782 1856 2043 1895 Fimaioliwm

293 1922 414 1961 eidem
434 1922 530 1960 libro
550 1923 735 1961 tribuitur
753 1921 861 1971 (47),
883 1923 1092 1961 omisimus.
1124 1922 1232 1960 Nam
1251 1934 1338 1961 cum
1357 1922 1465 1971 apud
1483 1922 1685 1960 Donatum
1702 1922 1745 1960 in
1758 1922 1865 1960 Eun.
1878 1921 1950 1960 IV
1960 1923 1998 1966 3,
2013 1922 2043 1959 7

293 1987 463 2036 leqatur:
487 1984 699 2040 ἀρχαισμός
725 1989 785 2026 est
808 1987 938 2038 figura
959 1985 1136 2026 ‘absente
1155 1984 1283 2026 nobis'
1303 1999 1376 2037 pro
1396 1987 1624 2026 absentibus
1643 1987 1767 2025 nobis.
1798 1986 2042 2036 Pomponius

293 2053 335 2091 in
361 2052 576 2102 Ergasizulo
603 2052 681 2101 (47
699 2052 768 2101 R.)
797 2050 1018 2104 ‘praesente
1056 2052 1193 2091 amicis
1226 2054 1332 2091 inter
1356 2065 1494 2091 cenam
1519 2052 1555 2090 d.
1582 2048 1632 2091 o.'
1659 2052 1811 2090 Varro
1845 2053 1892 2089 in
1917 2051 2041 2089 Mar-

293 2118 416 2156 cello
453 2115 515 2155 ‘id
551 2120 758 2167 praesente
790 2118 934 2170 legatis
960 2118 1144 2157 omnibus
1179 2118 1352 2157 exercitu
1384 2118 1620 2168 pronuntiat
1629 2114 1653 2168 ³,
1686 2117 1749 2156 illi
1785 2117 1928 2164 aliique
1953 2128 2041 2155 cwm

293 2183 500 2222 Ritschelio
520 2194 645 2232 opusc.
666 2183 749 2221 III
762 2196 806 2232 p.
827 2185 916 2222 407
935 2183 985 2222 ad
1004 2183 1236 2223 Marcellum
1261 2186 1508 2222 correxerunt
1532 2185 1566 2221 et
1590 2182 1643 2220 ad
1667 2182 1785 2221 libros
1804 2183 1850 2220 de
1867 2192 2043 2221 sermone

295 2249 414 2287 latino
452 2251 664 2287 traxerunt.
711 2249 821 2298 Quod
850 2249 1084 2297 improbavit
1113 2248 1260 2287 Schoell
1290 2249 1398 2297 apud
1425 2248 1673 2287 Wessnerum
1702 2258 1861 2286 monens
1890 2245 2043 2295 loqisto-

293 2314 420 2353 ricum
436 2315 570 2362 potius
594 2314 766 2353 indicari
790 2315 916 2353 verbis
940 2315 982 2352 in
1001 2313 1201 2353 Marcello.
1233 2314 1366 2361 Neque
1385 2314 1426 2352 id
1444 2313 1695 2361 redarquitur
1713 2333 1772 2339 —
1789 2315 1834 2350 ut
1851 2311 2044 2350 Funaiobi

296 2379 487 2418 contendit
509 2399 569 2405 —
593 2379 672 2418 loco
698 2380 764 2418 illo
789 2380 1001 2424 Ritschelii,
1028 2380 1095 2427 qui
1125 2379 1227 2427 falso
1253 2391 1298 2417 ex
1321 2379 1478 2417 Donato
1511 2378 1553 2416 in
1578 2377 1827 2416 Marcellum
1862 2377 2042 2415 enhibens

296 2446 427 2493 arquit
445 2444 607 2483 eundem
627 2456 706 2483 esse
726 2456 893 2483 errorem
911 2446 1025 2493 atque
1042 2445 1085 2482 in
1103 2444 1302 2482 Neronem
1317 2455 1395 2491 pro
1415 2443 1466 2481 ad.
1483 2443 1683 2481 Neronem
1703 2442 1790 2481 GL.
1812 2442 1848 2480 V
1860 2442 1956 2487 590,
1969 2443 2041 2480 26.

304 2509 379 2548 Vbi
414 2510 701 2558 comparandas
730 2511 864 2557 potius
895 2521 975 2548 esse
1009 2510 1279 2558 inscriptiones
1309 2508 1412 2547 velut
1434 2508 1562 2546 Varro
1594 2508 1637 2546 in
1663 2502 1813 2546 Caleno
1845 2506 1969 2555 (Serv.
1995 2508 2040 2545 in

296 2572 427 2623 Aen),
452 2574 581 2613 Varro
606 2576 649 2612 in
667 2574 889 2619 Fundanio,
915 2574 957 2612 in
975 2574 1194 2619 Laterensi,
1218 2574 1260 2612 in
1278 2575 1446 2624 Nepote,
1471 2573 1513 2612 in
1533 2573 1679 2612 Scauro
1701 2571 1850 2621 (Clean,
1871 2571 1942 2620 al.)
1960 2582 2041 2610 non

297 2640 407 2678 modo
442 2641 614 2678 codicum
646 2641 833 2678 memoria
866 2640 1024 2685 indicat,
1058 2652 1193 2678 verum
1219 2641 1333 2678 etiam
1363 2641 1538 2687 ipsorum
1562 2639 1765 2676 verborum
1788 2638 1910 2676 ratio:
1942 2647 2044 2685 quae

306 2705 432 2744 Varro
465 2706 548 2753 ipse
581 2707 626 2744 in
659 2706 874 2756 loqistorico
907 2706 1025 2753 facile
1058 2705 1237 2743 adhibere
1263 2706 1409 2753 potuit,
1442 2706 1486 2742 in
1520 2705 1602 2742 illis
1625 2714 1714 2742 vero
1748 2703 1858 2741 libris
1889 2704 2041 2741 tantwm

298 2771 440 2820 afferre
466 2782 510 2809 ex
535 2771 613 2809 alio
638 2772 822 2818 scriptore
830 2784 844 2817 ,·
867 2770 971 2808 unde
990 2771 1115 2808 errori
1139 2770 1392 2808 librariorum
1410 2769 1612 2808 addendus
1633 2770 1727 2806 esset
1749 2768 1872 2816 ipsius
1891 2767 2044 2805 Donati

298 2836 357 2874 vel
374 2836 509 2883 potius
535 2837 616 2874 eius
641 2837 810 2874 auctoris
835 2846 944 2874 error
967 2836 1011 2874 in
1034 2835 1160 2873 verbis
1186 2827 1398 2873 excitandis
1427 2854 1475 2860 —
1504 2835 1587 2872 sine
1611 2833 1697 2872 ulla
1720 2833 1950 2871 necessitate.

419 2906 518 2955 205,
538 2908 606 2945 27.
642 2906 701 2955 Of.
728 2907 940 2945 Buecheler
963 2907 1072 2944 Mus.
1098 2905 1221 2944 Rhen.
1246 2905 1332 2944 LX
1345 2917 1387 2954 p.
1415 2906 1513 2944 317.

421 2978 518 3027 206,
541 2979 577 3016 2.
621 2978 675 3015 In
706 2979 918 3016 testimonio
946 2977 1117 3016 Charisii
1148 2972 1414 3028 dic<endum>
1437 2976 1557 3025 putat
1580 2986 1657 3023 pro
1689 2974 1744 3013 sic
1774 2975 1920 3025 putant
1950 2973 2044 3011 Keil
