2176 3386
73 2032 108 2059 25

850 181 1156 219 FRAGMENTA
1794 183 1883 228 239

339 294 509 348 sonant,
548 291 594 335 in
634 291 703 336 his
734 291 1063 336 similitudinem
1096 294 1238 336 tactus
1269 292 1423 350 valere,
1463 296 1515 337 ut
1553 294 1590 337 si
1629 293 1785 337 leniter
1816 295 1885 338 vel

339 378 488 421 aspere
531 378 704 408 sensum
748 366 948 423 tangunt,
989 363 1146 408 lenitas
1183 364 1252 408 vel
1295 365 1504 422 asperitas
1547 365 1790 410 litterarum
1835 369 1886 409 ut

338 435 481 494 tangit
508 435 717 492 auditum,
749 436 812 480 sic
844 436 906 479 eis
937 436 1115 480 nomina
1146 437 1372 494 pepererit,
1403 439 1453 480 ut
1483 437 1624 494 ipsum
1657 436 1754 480 lene
1785 451 1883 481 cum

338 507 522 551 dicimus
564 506 720 552 leniter
763 510 909 564 sonat3
953 508 1050 565 quis
1092 508 1198 552 item
1242 509 1521 566 asperitatem
1564 523 1652 553 non
1695 512 1739 552 et
1787 509 1883 566 ipso

339 579 515 623 nomine
547 593 743 636 asperam
778 579 969 623 iudicet?
1028 579 1124 623 lene
1155 583 1222 624 est
1257 580 1434 624 auribus
1466 594 1565 624 cum
1598 580 1781 625 dicimus
1814 595 1885 623 vo-

337 651 494 708 luptas,
525 665 724 708 asperum
757 666 856 695 cum
889 651 1072 695 dicimus
1103 665 1220 695 crux.
1265 652 1327 695 ita
1358 666 1425 695 res
1457 653 1576 709 ipsae
1607 652 1806 696 afficiunt
1837 655 1886 695 ut

338 723 470 767 verba
509 723 774 766 sentiuntur:
815 723 902 766 mel
942 737 1073 779 quam
1115 724 1304 767 suaviter
1343 727 1520 781 gustum
1551 738 1620 767 res
1660 725 1755 781 ipsa
1795 727 1884 767 tam

338 793 493 838 leniter
522 794 698 838 nomine
729 795 872 852 tangit
901 795 1115 852 auditum3
1146 809 1244 839 acre
1275 795 1321 838 in
1351 798 1539 852 utroque
1570 811 1769 852 asperum
1801 798 1885 853 est3

339 866 438 909 lana
478 869 522 909 et
551 881 703 922 vepres
744 870 795 910 ut
825 866 1060 910 audiuntur
1091 868 1222 911 verba
1252 867 1316 911 sic
1352 867 1429 910 illa
1466 871 1716 926 tanguntur.
1778 868 1885 911 haec

340 938 464 994 quasi
495 938 708 981 cunabula
739 939 967 982 verborum
1002 953 1094 983 esse
1126 939 1409 995 crediderunt,
1446 939 1523 982 ubi
1561 954 1711 984 sensus
1741 954 1885 983 rerum

340 1023 438 1052 cum
480 1023 684 1053 sonorum
728 1025 855 1053 sensu
888 1010 1248 1068 concordare[n]t.
1310 1010 1414 1054 hinc
1445 1011 1499 1054 ad
1538 1011 1731 1068 ipsarum
1774 1012 1887 1055 inter

340 1096 384 1124 se
425 1095 568 1124 rerum
608 1081 937 1125 similitudinem
979 1083 1238 1139 processisse
1279 1083 1499 1126 licentiam
1535 1084 1800 1141 nominandi,
1837 1087 1887 1127 ut

341 1167 438 1197 cum
470 1153 592 1196 verbi
633 1167 761 1197 causa
792 1169 896 1196 cmx
936 1157 1166 1210 propterea
1196 1154 1312 1198 dicta
1344 1156 1412 1210 sit,
1450 1155 1567 1211 quod
1597 1156 1733 1212 ipsius
1765 1156 1885 1199 verbi

340 1225 549 1281 asperitas
590 1239 687 1268 cum
720 1225 880 1268 doloris
912 1240 1040 1282 quem
1072 1240 1177 1270 crux
1208 1226 1344 1270 efficit
1381 1227 1612 1283 asperitate
1643 1227 1887 1283 concordet,

344 1310 468 1340 crura
498 1299 643 1340 tamen
673 1312 760 1340 non
792 1299 969 1354 propter
993 1298 1268 1354 asperitatem
1295 1298 1468 1354 doloris,
1500 1299 1576 1342 sed
1601 1299 1719 1355 quod
1748 1298 1887 1357 longi-

342 1368 491 1411 tudine
516 1372 645 1425 atque
671 1368 895 1426 duriti[a]e
922 1370 1034 1413 inter
1052 1370 1245 1413 membra
1270 1373 1412 1414 cetera
1438 1370 1527 1413 sint
1549 1371 1670 1428 ligno
1690 1371 1887 1427 <crucis>

340 1440 548 1483 similiora
586 1441 649 1484 sic
685 1441 903 1497 appellata
934 1444 1046 1484 sunt.
1109 1442 1209 1485 inde
1240 1442 1294 1484 ad
1326 1441 1578 1486 abusionem
1609 1445 1805 1499 ventum,
1837 1446 1887 1486 ut

341 1514 573 1568 usurpetur
596 1526 756 1556 nomen
780 1527 870 1556 non
894 1512 956 1556 rei
983 1513 1150 1570 similis,
1174 1514 1248 1557 sed
1274 1515 1398 1570 quasi
1423 1514 1600 1559 vicinae.
1641 1515 1746 1570 quid
1771 1515 1885 1557 enim

341 1583 480 1627 simile
511 1583 643 1627 habet
674 1584 934 1642 significatio
971 1585 1094 1641 parvi
1126 1588 1170 1628 et
1198 1586 1375 1642 minuti,
1407 1600 1505 1629 cum
1534 1586 1675 1642 possit
1705 1601 1885 1642 parvum

342 1669 434 1698 esse
474 1655 591 1711 quod
630 1669 719 1698 non
758 1656 888 1699 modo
928 1656 1041 1700 nihil
1079 1658 1294 1700 minutum
1336 1658 1405 1713 sit,
1446 1657 1520 1701 sed
1560 1658 1726 1714 aliquid
1757 1658 1886 1701 etiam

341 1726 551 1770 creverit?
588 1727 770 1771 dicimus
789 1731 933 1771 tamen
951 1731 1130 1785 propter
1149 1729 1365 1784 quandam
1385 1730 1651 1773 vicinitatem
1670 1730 1887 1773 minutum

340 1813 419 1855 pro
444 1812 590 1854 parvo.
628 1799 703 1843 sed
726 1799 836 1843 haec
860 1799 1012 1843 abusio
1031 1800 1233 1844 vocabuli
1259 1801 1306 1844 in
1329 1804 1543 1858 potestate
1567 1802 1784 1858 loquentis
1804 1804 1887 1845 est:

340 1870 473 1913 habet
503 1871 619 1914 enim
650 1886 845 1934 parvum,
876 1875 926 1915 ut
955 1873 1172 1916 minutum
1203 1887 1292 1916 non
1317 1872 1444 1916 dicat.
1489 1873 1598 1916 illud
1623 1874 1762 1932 magis
1793 1889 1888 1930 per-

341 1943 452 1985 tinet
482 1942 536 1985 ad
567 1943 612 1985 id
643 1943 760 1999 quod
790 1958 905 1987 nunc
937 1944 1136 1987 volumus
1168 1945 1406 2001 ostendere,
1438 1945 1554 2001 quod
1586 1960 1685 1990 cum
1722 1946 1889 2002 piscina

344 2014 502 2057 dicitur
541 2014 587 2058 in
626 2014 792 2059 balneis
833 2017 879 2059 in
920 2031 1005 2072 qua
1043 2016 1228 2073 piscium
1271 2017 1383 2060 nihil
1420 2018 1478 2060 sit
1514 2017 1710 2073 nihilque
1748 2017 1888 2060 simile

341 2085 534 2142 piscibus
559 2087 728 2143 habeat,
753 2087 924 2130 videtur
947 2090 1092 2131 tamen
1116 2103 1142 2131 a
1165 2088 1357 2144 piscibus
1390 2089 1506 2133 dicta
1530 2092 1707 2145 propter
1731 2104 1888 2145 aquam

343 2156 418 2200 ubi
448 2158 641 2214 piscibus
672 2159 764 2201 vita
793 2161 870 2202 est.
933 2159 995 2202 ita
1025 2159 1284 2203 vocabulum
1314 2174 1403 2203 non
1440 2160 1701 2203 translatum
1740 2160 1889 2203 simili-

343 2229 511 2286 tudine,
553 2230 626 2272 sed
668 2230 853 2286 quadam
895 2230 1116 2274 vicinitate
1163 2234 1418 2287 usurpatum
1467 2235 1549 2275 est:
1590 2232 1745 2288 quodsi
1792 2233 1888 2288 quis

345 2301 461 2345 dicat
491 2301 687 2345 homines
718 2301 910 2358 piscibus
943 2302 1103 2345 similes
1136 2303 1323 2346 natando
1362 2303 1455 2346 fieri
1488 2306 1532 2346 et
1569 2303 1668 2351 inde
1699 2304 1889 2360 piscinae

250 2445 358 2502 Bsqq.
387 2443 443 2488 Cf.
469 2444 910 2537 t'ra9m.113;Diongge.
938 2444 1064 2481 Halic.
1097 2444 1140 2480 de
1171 2455 1283 2504 emnp.
1316 2445 1407 2481 verb.
1436 2445 1540 2481 XVI
1569 2445 1628 2491 (τὰ
1660 2445 1728 2491 μὲν
1761 2450 1891 2505 φωνῆς

130 2489 327 2536 μιμητικά,
357 2490 404 2527 τὰ
435 2490 478 2527 δὲ
515 2495 681 2538 μορφῆς,
712 2504 759 2528 τοι
791 2489 830 2527 δ’
882 2505 992 2539 ρ,γου
1022 2491 1070 2528 τὰ
1101 2491 1143 2529 δὲ
1179 2491 1350 2538 πάθους,
1382 2492 1428 2528 τὰ
1460 2492 1502 2530 δὲ
1539 2492 1735 2538 κινήσεως,
1768 2496 1814 2528 τὰ
1846 2491 1884 2529 δ’

130 2536 302 2584 ‘¹’‘’⁸“‘“⁶
336 2537 383 2574 τὰ
421 2540 478 2623 δυ
498 2520 1132 2634 “wueffl’zfxg‘sssssss‘f‘w'ssff‘ff‘a
1157 2552 1226 2633 ⁷55⁰
1229 2537 1329 2642 {0333
1341 2521 1890 2644 Ιῖἶρῧῧζῆἓὲῖῗοιῖἑέἔῑᾶἰῗ

130 2584 334 2679 gffr'paftig
347 2588 531 2670 ixbmmign
538 2634 665 2679 aliem
685 2599 733 2670 ciit
756 2635 894 2681 patrici
917 2600 993 2671 tini1
1005 2635 1166 2671 dicimus
1186 2635 1251 2682 qui
1271 2635 1452 2672 occiderit
1469 2635 1625 2673 fratrem
1645 2638 1684 2673 et
1702 2637 1888 2682 piscinam

131 2691 228 2727 quae
261 2680 384 2727 pisces
418 2693 492 2717 non
526 2682 659 2719 habet:
693 2682 788 2718 haec
813 2683 914 2719 enim
944 2683 1019 2719 nisi
1044 2683 1274 2720 extrinsecus
1310 2686 1498 2720 emerent
1534 2696 1640 2720 suum
1667 2684 1888 2721 vocabulum

130 2738 206 2764 ιιοιι
235 2728 433 2775 haberent)
468 2731 480 2776 11
517 2732 562 2765 29
590 2730 645 2775 Cf.
666 2730 766 2767 Fest.
784 2733 886 2776 213⁸,
898 2733 924 2767 2
955 2731 1137 2778 (piscinae
1169 2731 1343 2778 publicae
1373 2731 1561 2778 hodieque
1586 2743 1722 2768 nomen
1748 2735 1887 2777 manet,

131 2775 215 2823 ipsa
239 2787 315 2813 non
341 2778 461 2813 extat:
489 2777 537 2813 ad
563 2788 678 2824 quam
703 2779 742 2813 et
766 2779 941 2815 natatum
966 2790 994 2816 e.
1008 2791 1040 2825 q.
1054 2781 1098 2825 s.)

251 2912 278 2943 3
299 2908 471 2944 auditum
497 2909 552 2945 vel
577 2908 747 2945 auditam
771 2911 783 2955 11
808 2913 829 2945 6
856 2909 1029 2946 afficiunt
1052 2911 1107 2947 vel
1132 2910 1302 2947 efficiunt
1326 2914 1337 2957 11
1364 2915 1383 2946 7
1410 2910 1623 2946 sentiantur
1642 2911 1696 2947 vel
1720 2911 1887 2946 sentiun-

132 2958 195 2991 tur
221 2958 226 3003 1
253 2967 293 2991 re
314 2956 414 2992 Iahn
450 2958 461 3002 11
500 2959 544 2991 14
570 2956 773 2993 concordat
791 2959 851 3051 ¹vel
876 2958 1077 2994 concordet
1101 2960 1156 2995 vel
1181 2959 1427 2995 concordaret
1463 2960 1474 3003 11
1513 2961 1556 2993 16
1584 2958 1747 2995 duritiae
1773 2960 1811 2994 et
1834 2960 1890 2995 vel

133 3003 296 3039 duritiae
329 3006 335 3050 1
367 3005 478 3050 suppl
504 3005 790 3050 Lovanieneesl
832 3009 874 3041 17
901 3006 979 3042 sint
1007 3007 1064 3042 vel
1093 3008 1181 3042 sunt
1211 3007 1223 3051 11
1255 3009 1299 3042 18
1324 3008 1527 3052 usurpetur
1550 3008 1679 3041 tamen
1703 3017 1779 3042 non
1810 3007 1891 3051 (ubi

131 3061 267 3088 nomen
280 3051 548 3096 Lamnum,-
572 3063 642 3089 σου
666 3052 944 3109 <no>tamen?)
955 3055 1044 3147 1611128
1070 3065 1203 3099 parum
1221 3054 1277 3091 vel
1299 3065 1459 3100 paruum
1481 3055 1487 3099 1
1509 3053 1614 3089 dicat
1631 3054 1686 3090 vel
1710 3054 1859 3090 dicatur
1878 3057 1890 3100 11

133 3102 179 3134 25
191 3110 242 3145 sq.
269 3098 391 3135 simile
417 3099 584 3146 piscibus
609 3101 664 3136 vel
686 3099 853 3146 piscibus
880 3100 1003 3137 simle
1028 3103 1039 3147 11
1060 3104 1110 3142 26
1137 3101 1241 3137 dicta
1266 3102 1319 3139 vel
1345 3101 1486 3138 dictam
