2144 3340
4 2962 11 2976 ‘
0 2836 13 2951 *···⁴4·v:¹'·
0 2602 11 2824 ...Wffw,
0 2399 10 2592 *ww-NJu-u
0 2376 6 2382 *
0 2334 4 2359 =
0 2307 5 2321 ν

814 116 1185 156 ΡΒΟΒΕΘΟΠΕΝΔ
1800 117 1882 154 XLI

123 232 336 275 tractatur
364 227 437 287 (cf.
461 227 559 286 49):
601 242 712 285 quae
743 227 960 272 dubitatio
997 227 1215 284 quomodo
1253 229 1527 271 removeatur
1566 228 1728 271 incerta
1767 227 1880 270 ratio

122 303 191 347 est
231 300 304 359 (cf.
336 298 469 344 Goetz
507 299 612 344 ‘Zur
642 298 922 357 Wflrdigung
953 298 1028 342 der
1057 313 1236 357 gramm.
1268 298 1478 342 Arbeiten
1509 298 1691 342 Varros’
1722 314 1764 356 p.
1793 298 1880 357 18).

122 371 324 431 Pei-gitur
363 371 515 415 deinde
557 371 612 415 ad
641 371 774 416 verba
805 370 983 414 secundi
1014 370 1195 429 gradun,
1238 384 1337 414 cum
1382 371 1782 427 pronuntiamus
1826 386 1881 414 ea

122 458 251 502 quac
297 443 664 502 cogitavimus,
712 443 787 486 ubi
837 442 984 500 agitur
1027 442 1078 484 de
1126 441 1301 486 verbis
1349 441 1594 485 narrandi
1645 445 1688 486 et
1736 442 1880 486 fandi

122 514 341 575 (cl-55),
371 514 639 571 loquendi,
670 513 1048 571 pronuntiandi
1080 513 1423 572 (subiunguntur
1452 514 1688 570 nuntius,
1717 529 1880 558 novus

121 590 166 632 et
194 602 247 632 ea
276 601 403 644 quae
434 601 460 630 a
488 601 655 630 novus
687 586 1028 642 descendunt,
1059 586 1106 629 in
1136 585 1206 629 his
1237 584 1522 642 nominare,
1552 584 1882 642 nuncupare),

121 659 348 715 dicendi,
385 658 620 714 docendi,
662 657 968 715 disputandi
1012 655 1235 715 (putare,
1273 671 1450 713 purus,
1481 655 1677 715 putus),
1721 658 1877 701 disse-

119 731 268 776 rendi
312 729 518 789 (sermo,
557 744 845 786 conserere,
877 743 1110 785 consors,
1141 728 1290 786 sors),
1333 727 1542 785 legendi
1574 727 1779 787 (legati,
1811 730 1880 773 le-

120 803 250 862 guli,
285 803 446 860 leges,
483 801 734 860 collegae,
771 799 893 860 alia),
930 801 1280 845 murmurandi
1318 800 1640 856 aliorumque
1677 816 1704 844 a
1741 801 1882 845 simi-

120 874 348 919 litudine
396 874 512 918 soni
563 873 799 930 dictorum,
847 873 1226 929 triumphandi,
1285 872 1594 929 spondendi,
1643 873 1882 930 canendi,

121 947 301 991 orandi
332 944 563 1005 (56—76).
636 945 810 989 Tertius
842 946 1000 1004 gradus
1032 944 1337 1002 complectitur
1372 944 1529 987 verba
1566 945 1768 1002 agendi3
1812 960 1881 988 ex-

119 1018 299 1075 ponitur
335 1018 439 1075 quid
470 1018 643 1062 intersit
674 1018 788 1060 inter
824 1032 974 1075 agere
1013 1017 1184 1061 facere
1215 1030 1390 1074 gerere
1422 1016 1641 1074 (77—793
1685 1016 1737 1059 de
1769 1017 1880 1060 diffi-

121 1090 281 1134 cultate
321 1104 431 1146 quae
472 1092 539 1133 est
579 1089 626 1132 in
665 1089 939 1147 paragrapho
974 1088 1030 1131 79
1071 1089 1123 1132 cf.
1156 1103 1266 1144 quae
1306 1087 1610 1131 adnotavimus
1651 1088 1704 1131 ad
1746 1088 1815 1144 85,
1835 1088 1881 1144 93

121 1163 389 1218 acquirere
415 1161 694 1205 subiunctum
720 1163 902 1217 propter
931 1161 1190 1216 adlucere,
1221 1161 1247 1203 i.
1273 1174 1307 1203 e.
1333 1162 1512 1216 propter
1544 1160 1631 1202 vim
1663 1160 1881 1216 praeposi-

120 1232 292 1290 tionis);
336 1235 540 1276 secuntur
569 1232 737 1285 video,
760 1247 954 1288 cerno,
994 1231 1188 1288 specio,
1220 1231 1371 1275 audio
1405 1233 1448 1273 et
1478 1231 1738 1286 ausculto,
1769 1232 1882 1286 edo,

121 1305 324 1360 sorbeo,
368 1303 507 1360 bibo,
539 1306 662 1360 poto
695 1303 911 1362 (80-853
955 1304 1355 1347 subiunctorum
1391 1302 1700 1346 vocabulorum
1735 1303 1780 1345 in
1811 1304 1881 1346 his

121 1377 260 1420 maior
298 1374 534 1434 numerus),
577 1376 663 1418 alia
702 1390 811 1431 quae
850 1375 1006 1419 lacuna
1036 1374 1247 1418 exhausit.
1322 1374 1416 1426 Quo
1447 1375 1621 1418 vinculo
1654 1375 1882 1430 sequentia

122 1462 220 1492 cum
252 1447 546 1504 superioribus
578 1447 846 1501 cohaereant,
877 1450 1056 1502 propter
1087 1447 1266 1489 eandem
1296 1447 1496 1490 lacunam
1528 1447 1752 1490 incertum.
1814 1445 1881 1489 In-

121 1522 322 1564 seruntur
352 1519 535 1575 denique
566 1518 651 1561 loci
683 1519 736 1562 de
780 1519 1039 1562 censoriis
1083 1518 1282 1561 tabulis
1314 1518 1496 1574 sumpti,
1540 1518 1586 1561 in
1630 1532 1881 1562 commen-

120 1592 273 1635 tariis
318 1589 683 1635 consularibus
724 1591 907 1646 inventi,
951 1591 996 1633 in
1036 1591 1410 1634 commentario
1442 1593 1618 1634 vetere
1650 1590 1881 1647 anquisi-

120 1664 282 1707 tionis
311 1662 368 1706 M.
390 1662 577 1720 Sergii,
609 1664 819 1705 tractatus
851 1662 926 1718 qui
953 1665 1018 1706 est
1043 1663 1094 1705 de
1126 1661 1328 1715 inficio,
1360 1662 1590 1705 verborum
1622 1678 1647 1705 a
1679 1661 1881 1706 Graecis

121 1738 405 1778 tractorum
449 1734 674 1778 indiculus.
749 1733 802 1777 In
845 1734 1004 1790 quibus
1047 1749 1309 1791 quamquam
1352 1734 1630 1777 difficultates
1672 1734 1879 1790 quasdam

121 1809 165 1850 et
194 1807 453 1850 offensiones
484 1820 577 1850 esse
608 1805 786 1849 minime
816 1821 1036 1864 negamus,
1067 1809 1214 1849 tamen
1243 1808 1388 1849 tantas
1422 1821 1493 1848 eas
1518 1821 1623 1862 esse,
1654 1809 1703 1849 ut
1728 1821 1782 1849 ex
1805 1807 1880 1848 tri-

121 1879 203 1922 bus
229 1878 409 1921 diversis
440 1878 636 1921 fontibus
666 1878 774 1921 haec
804 1878 1035 1921 infeliciter
1060 1879 1354 1922 contaminata
1385 1893 1477 1921 esse
1509 1880 1751 1921 statuamus
1782 1892 1880 1921 cum

122 1948 460 1992 Reitzensteinio
491 1949 538 2007 (1.
559 1964 591 1992 s.
612 1964 644 1992 s.
663 1965 703 2006 p.
722 1949 782 1993 40
797 1948 908 2007 sqq.)
934 1963 1023 1992 non
1048 1950 1321 1992 concedimus
1347 1948 1419 2007 (cf.
1441 1949 1576 1993 Goetz
1601 1950 1628 1992 l.
1643 1965 1673 1992 s.
1688 1965 1721 1993 s.
1735 1965 1775 2006 p.
1793 1949 1879 2007 18).

242 2020 389 2063 Etiam
421 2021 604 2063 maiores
637 2022 739 2063 sunt
770 2021 984 2077 septimi
1015 2021 1142 2064 libri
1174 2022 1220 2064 in
1251 2036 1337 2077 qua
1369 2022 1419 2064 de
1451 2022 1622 2064 verbis
1655 2037 1680 2064 a
1710 2022 1880 2078 poetis

123 2091 388 2148 usurpatis
422 2091 566 2149 agitur
597 2091 895 2135 difficultates:
938 2095 1040 2148 post
1076 2093 1406 2149 praefationem,
1452 2094 1574 2136 cuius
1606 2094 1779 2136 initium
1812 2093 1880 2136 de-

122 2163 294 2206 ficiente
325 2178 410 2206 uno
442 2163 550 2207 folio
583 2163 865 2220 desideratur,
906 2163 1044 2207 Varro
1076 2164 1265 2220 primum
1298 2165 1355 2207 de
1386 2164 1518 2207 locis
1551 2165 1673 2219 dicit,
1717 2165 1882 2208 scilicet

122 2234 174 2277 de
210 2235 402 2291 templo
441 2235 494 2278 in
525 2234 688 2291 68610,
733 2235 784 2277 in
815 2238 972 2291 terra,
1015 2235 1108 2278 sub
1140 2238 1279 2279 terra
1323 2235 1533 2292 (eiusdem
1566 2236 1748 2294 originis
1780 2239 1881 2279 sunt

122 2299 279 2362 tesca,
322 2307 477 2362 tueri,
519 2307 797 2363 extemp103
840 2322 939 2351 cum
974 2307 1082 2350 locis
1115 2307 1223 2351 caeli
1254 2309 1577 2365 coniunguntur
1607 2308 1777 2365 polus,
1815 2309 1879 2351 si-

123 2377 259 2433 dera,
303 2379 466 2436 signa3
509 2378 690 2436 5-14).
758 2377 887 2422 Caelo
920 2379 1121 2436 opposita
1152 2382 1219 2422 est
1249 2382 1406 2437 terra3
1449 2383 1691 2423 tractantur
1721 2383 1880 2423 terra·

121 2464 229 2492 rum
261 2450 495 2493 anfracta
525 2450 643 2508 (15),
673 2450 850 2494 Trivia
881 2449 997 2509 (16),
1029 2450 1309 2494 umbilicus
1340 2454 1593 2494 terrarum
1626 2451 1742 2510 (17);
1786 2452 1882 2495 loca

123 2521 332 2577 quaedam
380 2524 591 2565 terrarum
641 2523 813 2580 singula
860 2526 909 2566 ut
959 2521 1248 2578 Calydonia
1297 2526 1435 2566 terra
1475 2522 1591 2583 (18),
1642 2524 1880 2580 mystica,

123 2591 422 2650 Areopagus
453 2593 570 2651 (19),
608 2593 860 2650 Olympus
891 2609 1034 2637 mons
1066 2596 1110 2636 et
1140 2594 1313 2637 Musae
1346 2593 1461 2652 (20),
1505 2594 1880 2651 Hellespontus

123 2661 240 2722 (21),
279 2664 467 2708 fretum
501 2663 617 2723 (22),
658 2679 848 2721 aequor
878 2667 923 2708 et
954 2666 1082 2708 ratis
1115 2664 1226 2723 (23).
1287 2665 1394 2709 Post
1424 2666 1529 2709 haec
1560 2681 1696 2709 unum
1727 2667 1880 2709 folium

123 2734 358 2791 intercidit,
403 2749 489 2791 quo
532 2737 741 2779 transitus
784 2736 918 2779 fiebat
960 2736 1013 2779 ad
1051 2750 1101 2779 ea
1144 2751 1272 2792 quae
1315 2737 1368 2779 in
1410 2737 1545 2780 locis
1589 2740 1726 2793 sunt3
1771 2752 1880 2793 quae

123 2808 296 2849 exstant
338 2807 556 2862 pertinent
598 2807 652 2850 ad
694 2807 912 2863 hostias,
957 2808 1214 2864 quibuscum
1254 2810 1421 2851 ratione
1461 2811 1640 2865 propter
1682 2808 1879 2851 lacunam

125 2877 307 2921 obscura
337 2879 568 2922 cohaerent
599 2893 708 2935 quae
739 2879 1010 2936 paragrapho
1037 2879 1095 2922 25
1126 2879 1342 2936 leguntur.
1393 2879 1608 2924 Secuntur
1634 2879 1880 2923 Camenae

124 2947 360 3006 (adduntur
390 2953 567 3006 propter
597 2951 847 2994 societatem
879 2950 1123 2994 litterarum
1156 2950 1185 2994 S
1218 2953 1262 2995 et
1293 2951 1334 2994 R
1362 2951 1606 3008 fragmenta
1640 2951 1879 2995 carminum

126 3018 354 3064 Saliarium
391 3024 436 3064 et
474 3022 560 3065 alia
603 3022 816 3078 exempla,
868 3022 972 3065 item
1016 3025 1195 3078 propter
1238 3023 1370 3066 verba
1407 3037 1516 3079 quae
1560 3026 1662 3065 sunt
1704 3025 1750 3065 in
1794 3037 1879 3065 car-
