2176 3386
344 121 430 163 258
1028 119 1404 155 ADNOTATIONES

465 233 535 281 45,
556 233 594 271 3.
627 245 651 271 a
677 232 852 277 fastidio,
872 232 974 281 quod
991 232 1069 280 fuit
1087 233 1130 270 in
1148 232 1284 277 codice,
1304 243 1381 270 non
1400 233 1491 271 ausi
1508 243 1644 270 sumus
1663 243 1750 270 cum
1768 243 1791 269 v
1817 233 1860 270 in
1879 244 1903 270 a
1923 231 2089 282 cupedio
2160 241 2164 245 ’

345 299 509 343 mutare,
525 299 762 345 praesertim
783 309 869 335 cum
888 298 1186 345 sionificationis
1203 298 1355 336 ratione
1374 297 1451 335 duo
1469 297 1658 336 vocabula
1677 297 1926 344 cohaereamt;
1943 298 1990 346 cf.
2006 296 2091 337 PG.

348 358 512 414 (cuppes
547 362 792 412 fastidiosus,
827 362 1090 412 ouppediosus
1127 356 1336 414 superbus)
1344 376 1357 400 .·
1390 362 1493 401 unde
1526 365 1622 401 nata
1659 363 1876 401 coniectura
1901 368 2018 410 qu'am
2049 365 2093 401 in

348 430 546 475 apparatu
563 429 781 476 posuimus.

466 499 535 547 45,
558 500 592 537 7.
630 498 688 546 Of.
714 498 928 538 Stowasser
951 499 976 537 l.
1001 509 1031 536 s.
1058 510 1088 536 s.
1106 509 1149 546 p.
1176 498 1238 536 II.

466 565 537 612 45,
559 566 595 602 9.
631 563 690 612 Of.
716 563 876 602 Schulze
899 564 924 602 l.
949 575 979 602 s.
1006 574 1035 601 s.
1054 575 1096 610 p.
1129 563 1214 602 562
1238 563 1329 601 adn.
1355 564 1395 602 2.
1440 585 1445 589 ·

468 630 537 678 45,
559 630 625 668 10.
669 628 872 668 Cornelius
899 629 1002 667 Stilo
1028 631 1251 676 corruptum
1277 631 1351 667 est:
1384 629 1453 667 ubi
1479 627 1518 667 G.
1545 627 1683 667 Aelius
1710 627 1812 667 Stilo
1836 628 1949 677 vulyo
1975 627 2095 676 (quod

347 696 479 733 minus
502 694 707 742 probabile
739 705 817 733 esse
841 695 975 733 Mente
999 705 1041 741 p.
1071 693 1125 731 57
1153 693 1342 742 adnotat).
1388 693 1491 732 Stilo
1517 694 1578 732 del
1606 692 1646 731 Ο.
1661 693 1853 740 Mueller,·
1892 692 2094 732 Cornelius
2154 703 2157 705 ’

349 759 518 798 Sisenna
554 760 712 798 coniecit
744 772 823 798 van
847 760 1018 803 Heusde,
1055 757 1212 797 Caelius
1239 752 1303 811 (=
1323 753 1556 810 Antipater)
1583 753 1724 810 [Stilo]
1748 759 1883 798 Mente
1913 759 2096 797 mendum

348 825 599 872 artificiosius
622 825 830 873 explicans,
852 819 1061 862 Cornelius
1082 823 1194 862 Sulla
1207 824 1398 862 Funaioli
1416 823 1614 872 (Gramm.
1634 823 1746 862 Rom.
1766 824 1906 872 sraqm.
1919 835 1962 871 p.
1979 823 2095 870 105),

348 891 416 939 qui
442 901 521 938 pro
548 891 705 928 secutus
729 890 880 928 mavult
913 891 953 928 et
979 887 1144 927 Catulus
1152 902 1166 935 ,·
1201 900 1254 927 an
1286 889 1365 937 fuit
1388 888 1593 927 Cornelius
1628 883 1727 941 (scil.
1753 883 1948 942 prodidit)
1975 887 2094 927 Stilo-

348 951 495 1006 <nem>
521 956 678 993 secutus
691 955 711 991 .9
744 966 838 992 nam
873 954 972 1002 quod
1005 954 1131 993 Varro
1157 953 1317 992 Aelium
1341 954 1466 992 dicere
1500 953 1603 998 solet,
1615 964 1623 969 “·
1637 965 1716 992 non
1741 954 1875 998 obstat,
1908 954 2097 1001 siquidem

349 1019 554 1058 Cornelius
586 1021 669 1067 ipse
704 1016 917 1058 ‘Stilonem'
953 1030 992 1058 se
1026 1020 1135 1067 sequi
1165 1019 1324 1058 dixerit:
1358 1020 1406 1067 cf.
1441 1019 1542 1067 quod
1575 1018 1742 1057 Plautus
1775 1018 1890 1058 semel
1914 1019 2095 1058 Maccius

346 1086 504 1125 dicitur.

471 1157 541 1204 45,
563 1158 615 1194 21
634 1167 688 1204 sq.
730 1156 801 1194 De·
826 1156 970 1194 lacuna
1003 1156 1150 1194 maiore
1176 1158 1267 1203 post
1301 1156 1420 1205 atque
1455 1156 1592 1204 coyitat
1615 1156 1668 1193 Η.
1688 1155 1800 1194 Peter
1831 1156 1875 1193 in
1907 1155 1974 1194 rel.
2009 1155 2095 1194 hist.

348 1220 469 1270 (quod
495 1222 637 1260 ibidem
663 1220 844 1260 Curtium
870 1222 964 1266 eicit,
989 1221 1031 1259 id
1049 1224 1140 1269 post
1157 1221 1347 1268 Popmam
1372 1222 1407 1259 et
1424 1220 1661 1259 Muellerum
1685 1221 1729 1258 in
1747 1219 1852 1259 Add.
1870 1231 1913 1268 p.
1929 1221 2013 1259 301
2027 1219 2094 1268 Sp.

341 1286 564 1335 proposuit)
574 1301 588 1334 ,·
612 1289 659 1335 cf.
686 1286 875 1325 Buettner
898 1286 1006 1324 Porc.
1027 1286 1112 1326 Lic.
1131 1298 1174 1334 p.
1198 1287 1294 1325 187.

468 1359 537 1408 46,
561 1359 626 1397 12.
658 1359 854 1396 maximus
871 1369 949 1406 pro
974 1359 1150 1397 meoinus
1175 1360 1324 1397 tutatur
1348 1359 1463 1396 etiam
1481 1358 1639 1396 Pollack
1665 1354 1816 1406 ‘encycl
1836 1353 1946 1396 real.'
1965 1368 1996 1395 s.
2022 1356 2095 1395 oir-

350 1435 428 1462 cus.
475 1423 533 1472 Of.
561 1424 736 1462 Huelsen
765 1424 809 1461 in
831 1423 1001 1461 Iordani
1026 1426 1167 1472 topoyr.
1195 1423 1226 1460 I
1246 1425 1274 1461 3
1291 1435 1333 1471 p.
1363 1424 1449 1461 162
1474 1423 1565 1461 adn.
1591 1424 1648 1462 29
1684 1423 1731 1461 de
1755 1423 1899 1461 lacuna
1924 1434 1969 1461 ex
1992 1422 2092 1460 Plut.

349 1488 460 1527 Rom.
487 1490 546 1527 23
574 1489 770 1537 explenda.

468 1561 537 1609 46,
560 1561 626 1598 17.
666 1559 711 1598 Si
744 1563 841 1599 recte
875 1560 1124 1609 coyitavismus
1159 1560 1206 1598 de
1230 1556 1304 1610 <ut
1335 1555 1527 1609 amores),
1551 1559 1620 1597 hoc
1654 1560 1732 1597 loco
1766 1560 2002 1597 coemuntur
2027 1559 2095 1596 ad-

348 1626 512 1663 hibitum
539 1627 582 1663 ut
608 1637 653 1664 ea
680 1626 899 1673 composita,
925 1625 972 1664 de
995 1625 1134 1674 quibus
1159 1625 1213 1663 ad
1229 1637 1273 1672 p.
1296 1626 1363 1669 61,
1385 1626 1441 1662 16
1465 1625 1640 1663 dicimus.

474 1692 542 1740 47,
564 1692 601 1729 2.
637 1690 696 1738 Of.
715 1691 935 1728 Mommsen
956 1686 1150 1728 ‘Staatsn’
1172 1689 1229 1727 II
1245 1684 1290 1727 13
1306 1701 1349 1737 p.
1372 1689 1469 1734 145,
1493 1690 1562 1728 ubi
1588 1700 1633 1727 ex
1649 1689 1795 1728 Naevii
1820 1688 1914 1727 bello
1932 1689 2095 1727 Poenico

349 1766 505 1794 versum
532 1757 775 1804 desumptum
799 1767 879 1794 esse
903 1757 1042 1794 conicit
1066 1755 1284 1803 obloquente
1309 1754 1524 1793 Ribbeckio.

473 1822 542 1869 47,
564 1822 630 1859 13.
661 1821 772 1859 Nihil
791 1822 1051 1868 mutavimus;
1070 1820 1181 1859 ouius
1200 1819 1278 1858 loci
1296 1819 1338 1857 id
1356 1819 1606 1869 vocabulum,
1626 1819 1731 1868 quod
1753 1832 1799 1857 ex
1818 1819 1938 1865 Mue,·
1961 1829 2097 1858 sensus

351 1888 423 1925 est:
449 1886 554 1935 quod
579 1887 638 1924 ita
664 1886 902 1936 appellatur,
926 1885 984 1924 ibi
1009 1898 1038 1924 e.
1058 1898 1091 1935 q.
1112 1898 1142 1924 s,

469 1952 538 2001 47,
561 1952 626 1990 16.
662 1951 718 2000 Of
750 1953 818 1997 43,
841 1953 876 1990 6.

473 2017 540 2067 48,
563 2018 586 2055 9
602 2028 656 2066 sq.
687 2017 838 2068 Argola
858 2029 926 2056 seu
938 2016 1047 2068 Argo
1059 2015 1160 2055 Scal.
1187 2016 1339 2067 Argola
1358 2028 1426 2054 seu
1438 2016 1591 2066 Agrola
1603 2016 1711 2054 Mue.
1737 2013 1794 2053 At
1810 2025 1931 2063 neque
1943 2014 2096 2065 Argola

349 2093 470 2132 neque
498 2094 569 2120 seu
593 2084 691 2130 ferri
709 2084 845 2130 potest,
862 2094 939 2131 pro
965 2093 1038 2131 quo
1065 2093 1151 2120 cum
1177 2081 1277 2133 Argi
1307 2082 1387 2119 leto
1413 2081 1560 2120 dederit
1586 2080 1725 2125 Gomal,
1749 2080 1858 2131 Argo
1883 2074 2095 2130 hos<pite>

351 2143 587 2198 Eu<andri>
613 2149 692 2186 coll.
714 2147 847 2186 Servio
867 2148 910 2185 in
928 2146 1027 2186 Aen.
1049 2147 1166 2186 VIII
1180 2147 1268 2185 345
1288 2147 1445 2185 coniecit
1460 2145 1608 2185 Schoell
1627 2140 1755 2199 (Argo
1780 2145 1921 2194 hospes
1943 2138 2095 2197 Groth),

351 2212 508 2263 Arg-,ulo
537 2211 672 2251 Cassio
699 2213 834 2251 collato
855 2211 960 2252 Serv.
981 2212 1088 2251 Dan.
1113 2213 1254 2251 ibidem
1282 2212 1408 2256 Goetz,
1431 2212 1540 2262 Argo
1567 2210 1673 2250 Iasio
1697 2210 1908 2248 Buecheler
1931 2210 1975 2248 in
1997 2209 2096 2248 libro

353 2277 557 2316 Funaiolii
573 2290 616 2326 p.
646 2278 741 2316 115.
777 2277 835 2326 Of.
861 2278 994 2316 Keller
1020 2274 1031 2291 ‘
1044 2273 1392 2326 Volksetymoloyie'
1411 2289 1454 2325 p.
1476 2277 1573 2316 315.

471 2349 538 2397 48,
561 2350 627 2387 13.
659 2349 801 2387 Florae
827 2361 939 2388 susus
965 2349 1005 2388 J.
1025 2349 1097 2387 Fr.
1126 2349 1282 2388 Gronov
1308 2349 1361 2387 ad
1389 2347 1485 2387 Gell.
1511 2347 1582 2385 IX
1605 2349 1644 2392 4,
1670 2359 1783 2386 susus
1809 2358 1896 2386 cwm
1914 2345 2015 2385 Scal.

472 2415 540 2462 49,
563 2415 615 2452 13
627 2425 706 2462 sqq.
739 2414 951 2464 impluium
972 2417 1005 2452 et
1021 2425 1110 2452 mox
1129 2414 1387 2463 oomplm'um,
1407 2413 1508 2462 quod
1526 2413 1642 2451 codex
1662 2413 1816 2457 exhibet,
1834 2413 1999 2460 fortasse
2016 2421 2095 2448 non

351 2480 429 2527 fuit
451 2480 757 2518 sollicitandum:
782 2481 830 2528 cf.
856 2480 1072 2529 simpuium
1099 2480 1168 2524 38,
1184 2480 1250 2517 16.
1270 2500 1319 2504 -
1335 2478 1398 2517 De
1423 2490 1558 2517 susum
1582 2479 1630 2526 cf.
1646 2477 1794 2516 Vahlen
1809 2476 1876 2525 Op.
1891 2477 1920 2514 I
1926 2487 1970 2524 p.
1997 2477 2092 2514 161.

473 2551 541 2599 50,
563 2553 599 2588 1.
641 2547 850 2602 domu<i>s
875 2551 1025 2589 Ritschl
1052 2549 1120 2598 Op.
1147 2550 1216 2588 IV
1231 2562 1272 2598 p.
1303 2551 1385 2588 171
1413 2549 1494 2587 coll.
1520 2548 1617 2587 Non.
1640 2560 1684 2596 p.
1713 2549 1810 2593 491,
1829 2549 1884 2587 21
1921 2541 2094 2600 (domnis

352 2629 424 2665 pro
451 2616 600 2654 domus.
632 2615 761 2654 Varro
783 2646 791 2654 .
812 2648 819 2655 .
842 2611 881 2669 .).

474 2682 542 2729 50,
562 2682 600 2719 4.
632 2677 808 2732 (quam)
827 2682 1027 2732 regionem
1046 2680 1221 2719 Huelsen
1244 2682 1288 2719 in
1307 2680 1474 2718 Iordani
1498 2681 1640 2727 topoqr.
1655 2679 1685 2716 I
1707 2680 1734 2716 3
1753 2690 1796 2726 p.
1823 2677 1904 2716 154
1930 2678 2020 2716 adn.
2037 2678 2094 2716 10

354 2745 420 2793 (cf.
447 2746 478 2783 I
501 2749 524 2783 1
544 2758 588 2794 p.
614 2747 700 2784 234
728 2749 763 2784 et
786 2747 817 2784 I
838 2748 924 2793 3p.
953 2746 1039 2784 185
1065 2746 1155 2784 adn.
1185 2745 1269 2794 10).

475 2812 542 2859 50,
563 2811 600 2849 5.
635 2810 694 2858 Of.
724 2811 870 2850 Vahlen
893 2813 937 2850 in
954 2812 1084 2859 praef.
1111 2805 1238 2850 Buff
1255 2823 1297 2859 p.
1319 2810 1396 2855 XI,
1425 2810 1615 2848 Wissowa
1642 2805 1738 2847 ‘Rei
1765 2821 1808 2846 u.·
1829 2807 1936 2846 Kult.
1965 2806 2000 2845 d.
2027 2802 2093 2845 R?

346 2889 389 2924 p.
418 2876 504 2914 195
529 2876 619 2914 adn.
648 2878 684 2914 4.

475 2942 542 2989 50,
565 2943 629 2980 10.
680 2941 816 2980 buoita
846 2942 919 2989 def.
945 2942 1120 2980 Solmsen
1152 2943 1196 2979 in
1219 2942 1356 2979 Kuhni
1379 2939 1464 2979 Act.
1500 2942 1523 2978 t.
1551 2939 1749 2977 XXXIV
1770 2950 1812 2986 p.
1842 2940 1917 2983 14,
1950 2936 2093 2976 buceta

354 3006 623 3044 Niedermann
650 3003 884 3055 ‘Indoyerm
904 3003 1077 3045 Forsch.'
1106 3007 1149 3044 X
1170 3005 1230 3055 [a.
1259 3004 1397 3055 1899]
1415 3017 1457 3053 p.
1477 3004 1588 3051 256;
1611 3016 1646 3042 υ.
1669 3004 1807 3043 Walde
1831 3015 1861 3041 s.
1885 3015 1919 3042 v.
