2176 3386
861 173 1168 212 FRAGMENTA
1804 169 1892 213 203

353 288 520 332 aurium
560 289 706 331 censet
741 299 954 329 summam
985 299 1077 328 esse
1109 283 1378 328 tribuendam
1410 316 1420 326 .
1448 317 1455 325 .
1483 317 1491 325 .
1524 284 1568 325 et
1599 282 1699 339 quia.
1731 279 1894 324 Graeca

352 359 528 404 nomina
558 373 646 402 non
677 357 836 401 debent
866 356 1032 401 Latinis
1064 356 1283 413 (regulis)
1314 353 1495 412 alligari.

692 585 771 629 DE
806 582 1087 628 SERMONE
1119 580 1338 627 LATINO

814 666 882 703 AD
908 664 1213 702 MARCELLVM

100 747 118 775 ι
884 738 1014 775 mem
1036 737 1070 774 v
1096 738 1139 784 (ν)

1001 822 1023 867 1

136 909 195 954 54
226 909 302 969 (48
330 907 460 968 [33]).
512 908 721 953 ‘Cretum’
761 907 910 952 Cieero
948 907 1288 951 Tusculanarum
1324 906 1437 949 libro
1474 903 1518 948 Π
1557 904 1655 960 (34)
1700 903 1892 947 ‘Cretum

350 979 492 1040 legis’,
524 979 782 1024 ‘Cretenses’
816 979 984 1023 Ennius
1016 979 1137 1035 (ann.
1157 981 1241 1022 604
1263 975 1360 1034 V.²).

995 1109 1036 1153 H

82 1219 117 1247 ιο
136 1196 194 1242 55
227 1196 305 1255 (54
331 1195 460 1255 [35]).
511 1211 620 1253 quae
658 1194 808 1239 Graeci
845 1195 996 1238 dieunt
1032 1194 1296 1251 aenigmata,
1332 1192 1417 1236 hoe
1454 1206 1590 1250 genus
1628 1190 1803 1247 quidam
1841 1205 1894 1233 ex

352 1268 514 1313 nostris
544 1267 762 1311 veteribus
794 1268 959 1323 scirpos
990 1267 1328 1323 appellaverunt.
1378 1263 1504 1320 quale
1535 1266 1600 1306 est
1634 1297 1642 1306 .
1669 1296 1679 1306 .
1706 1297 1715 1306 .
1743 1279 1772 1305 .:
1815 1263 1894 1305 ‘se-

351 1340 437 1384 mel
473 1340 673 1383 minusne
710 1354 766 1389 an
801 1339 869 1382 bis
906 1339 1050 1381 minus
1089 1338 1163 1393 sit,
1202 1351 1291 1380 non
1323 1338 1390 1379 sat
1420 1335 1529 1390 seio,
1569 1350 1624 1377 an
1661 1337 1894 1390 utrumque

351 1426 516 1456 eorum:
552 1414 602 1455 ut
639 1410 857 1468 quondam
894 1409 1039 1453 audivi
1071 1409 1222 1465 dicier,
1258 1408 1343 1464 ipsi
1374 1406 1467 1451 Iovi
1498 1407 1592 1464 regi
1623 1406 1764 1450 noluit
1795 1421 1895 1450 eon-

354 1482 518 1528 cedere’
551 1480 827 1541 (Terminus).

82 1576 116 1604 1⁶
136 1554 194 1599 56
226 1555 305 1614 (53
332 1553 461 1613 [34]).
515 1554 780 1598 aeditumum
825 1553 910 1597 dici
947 1556 1146 1610 oportere
1185 1554 1330 1595 censet
1367 1549 1544 1609 (Varro)
1586 1551 1723 1607 magis
1763 1565 1892 1606 quam

356 1627 587 1683 aedituum,
620 1626 737 1682 quod
768 1625 953 1669 alterum
991 1625 1048 1668 sit
1083 1624 1246 1668 recenti
1282 1623 1475 1666 novitate
1511 1623 1674 1678 fictum,
1712 1621 1894 1664 alterum

350 1699 529 1755 antiqua
560 1698 726 1756 origine
757 1698 1067 1754 incorruptum.

257 1880 276 1912 ‘1
305 1876 387 1914 GL.
414 1877 444 1913 I
463 1879 546 1921 124,
561 1879 608 1912 12
633 1875 798 1922 (Cretum
825 1903 832 1911 .
855 1903 862 1911 .
884 1903 893 1910 .
919 1874 1081 1919 Ennius,
1106 1876 1150 1910 ut
1173 1873 1292 1910 Varro
1325 1872 1421 1908 libro
1447 1872 1463 1907 I
1489 1872 1535 1908 de
1562 1882 1732 1908 sermone
1757 1871 1893 1907 Latino

134 1924 286 1961 scribit.-
321 1925 388 1962 ubi
422 1925 480 1961 m‘l
515 1925 592 1961 πίσθ’
623 1923 817 1960 Cretenses
848 1922 992 1958 Ennius
1023 1923 1109 1958 huic
1139 1923 1233 1959 libro
1263 1922 1471 1958 tribuet-wat
1504 1921 1625 1956 Wilm.
1651 1924 1685 1956 et
1710 1920 1896 1956 Funaiozs·

134 1984 164 2010 c.
185 1973 254 2010 al„-
277 1984 308 2008 v.
336 1972 460 2019 adn.);
496 1973 542 2017 cf.
563 1972 661 2008 Serv.
687 1974 730 2008 in
749 1971 842 2007 Aen.
862 1971 929 2007 IV
943 1973 992 2006 70
1018 1969 1172 2016 (Graece
1199 1968 1302 2015 Κρής
1337 1968 1431 2004 facit
1457 1996 1465 2004 .
1486 1996 1495 2004 .
1517 1996 1525 2004 .
1546 1967 1679 2004 Latine
1706 1967 1893 2003 Cretensis

135 2020 243 2067 facit)
269 2022 280 2067 ΙΙ
307 2024 351 2057 10
380 2020 472 2057 Gen.
499 2020 592 2056 XII
611 2022 636 2056 6
660 2021 770 2066 (quae
791 2046 799 2054 .
821 2046 828 2054 .
851 2047 859 2054 .
880 2019 948 2063 est,
974 2018 1075 2063 quod
1100 2028 1220 2064 nuper
1244 2016 1456 2053 invenimus
1480 2027 1549 2062 per
1572 2015 1697 2051 hercle
1724 2015 1892 2050 anticum

135 2079 318 2115 perquam
345 2067 515 2114 lepidum
538 2066 659 2103 tribus
684 2066 852 2102 versibus
878 2065 1095 2113 sena[to]ris
1122 2065 1374 2111 compositum
1400 2064 1587 2110 aenigma,
1613 2063 1714 2109 quod
1739 2063 1894 2108 reliqui-

135 2127 219 2152 mus
238 2115 507 2160 inem-ratum,
530 2116 574 2150 ut
597 2114 806 2161 legentium
825 2114 1059 2150 coniecturas
1085 2113 1125 2148 in
1150 2112 1375 2158 requirendo
1394 2123 1624 2147 noueremus.
1662 2123 1791 2146 versus
1817 2113 1893 2146 tres

136 2163 178 2199 hi
202 2164 291 2199 sunt
317 2162 448 2199 ‘semel
467 2190 475 2199 .
497 2189 505 2198 .
527 2190 535 2199 .
556 2162 788 2198 concedere’.
813 2162 885 2198 hoe
910 2161 975 2207 qui
1001 2161 1105 2197 nolet
1124 2161 1271 2196 diutino
1292 2161 1386 2206 aput
1411 2170 1492 2195 sese
1511 2170 1702 2204 quaerere,
1727 2158 1896 2194 inveniet

136 2211 231 2258 quid
255 2211 306 2247 sit
330 2211 370 2246 in
390 2211 439 2247 M.
452 2210 630 2246 Varronis
656 2209 702 2245 de
727 2220 896 2246 sermone
916 2209 1052 2245 Latino
1078 2209 1127 2244 ad
1153 2207 1374 2244 Marcellum
1398 2207 1495 2242 libro
1515 2206 1715 2252 seeundo)‚·
1739 2206 1786 2251 ef.
1803 2205 1894 2243 Cato

136 2270 188 2296 or.
214 2260 286 2306 frq.
311 2262 360 2295 24
374 2259 418 2295 P.
427 2272 441 2303 ;
465 2259 548 2295 Liv.
575 2259 604 2294 Ι
623 2261 689 2302 55,·
717 2257 821 2294 Ovid.
842 2258 946 2294 Faet.
968 2258 1021 2293 II
1040 2259 1136 2301 6695
1162 2256 1266 2292 Lact.
1292 2257 1378 2292 inst.
1405 2256 1434 2291 I
1452 2257 1593 2299 20,38;
1619 2254 1716 2290 Serv.
1736 2256 1779 2290 in
1799 2255 1893 2290 Aen.

137 2307 204 2344 IX
226 2309 318 2352 446;
343 2307 544 2353 Augu-etin.
570 2306 615 2343 de
647 2307 714 2342 civ.
740 2306 776 2341 d.
802 2305 870 2341 IV
888 2307 948 2350 23,
968 2306 1016 2341 al.
1049 2306 1060 2351 ΙΙ
1100 2308 1144 2340 15
1173 2304 1264 2341 Gen.
1292 2304 1386 2340 XII
1405 2306 1453 2339 10
1486 2302 1704 2349 (aeditimus
1738 2301 1893 2338 verbum

137 2354 315 2391 Latinum
341 2356 400 2390 est
423 2355 462 2390 et
486 2355 592 2390 vetus
618 2364 664 2389 ea.
687 2353 809 2390 forma
835 2351 979 2389 dictum
1004 2363 1082 2398 qua,
1106 2351 1287 2387 finitimus
1314 2353 1352 2387 et
1376 2350 1587 2398 legitimus:
1614 2350 1681 2385 sed
1706 2360 1774 2396 pro
1800 2360 1843 2385 eo
1870 2359 1894 2385 a

137 2401 327 2450 plerisque
352 2413 451 2438 nune
477 2401 651 2438 aedituus
671 2400 810 2436 dicitur
834 2411 931 2436 nova.
956 2401 994 2436 et
1013 2399 1276 2436 commenticia
1293 2398 1538 2444 usurpatione
1559 2398 1668 2444 quasi
1693 2409 1716 2433 a
1741 2397 1894 2434 tuendis

138 2449 296 2486 aedibus
331 2449 546 2496 appellatus
567 2476 575 2485 .
597 2477 605 2485 .
626 2476 635 2485 .
655 2448 705 2485 M.
719 2448 838 2484 Varro
871 2448 911 2484 in
945 2447 1042 2484 libro
1075 2447 1239 2484 seeundo
1265 2446 1314 2482 ad
1340 2445 1559 2482 Marcellum
1585 2447 1631 2482 de
1658 2445 1792 2481 Latino
1819 2455 1894 2481 ser-

137 2508 246 2534 mone
273 2498 506 2534 aeditumum
526 2525 534 2534 .
556 2525 564 2533 .
586 2524 594 2533 .
614 2497 908 2542 incorruptum);
937 2497 984 2541 cf.
1009 2507 1045 2541 p.
1073 2499 1169 2540 9⁶34
1192 2496 1314 2550 ibique
1339 2495 1519 2532 adnotata
1527 2508 1541 2539 ;
1567 2494 1640 2531 Cic.
1666 2498 1739 2540 top.
1766 2495 1815 2530 36
1840 2493 1894 2548 (in

138 2556 213 2591 quo
245 2546 337 2611 [scil.
363 2544 613 2592 postliminio]
640 2544 789 2581 Servius
813 2546 942 2580 noster
965 2545 1009 2580 ut
1033 2543 1168 2590 opinor
1191 2542 1289 2579 nihss
1321 2543 1434 2589 putat
1458 2552 1539 2578 esse
1564 2541 1784 2584 notandum,
1820 2541 1894 2576 msi

141 2593 271 2639 ‘pontt
298 2594 337 2630 et
363 2592 582 2629 ‘liminium'
609 2591 704 2628 illud
729 2592 1016 2639 productionem
1041 2601 1121 2628 esse
1141 2590 1246 2627 verbi
1265 2590 1355 2635 volt,
1379 2592 1423 2626 ut
1447 2590 1486 2626 in
1512 2589 1683 2626 finitumo
1709 2589 1893 2636 legitumo

139 2640 331 2678 aeditumo
357 2642 396 2677 et
419 2651 492 2676 non
518 2640 604 2686 plus
628 2640 750 2676 inesse
777 2640 953 2676 ‘tumum’
981 2651 1097 2686 quam
1122 2639 1163 2674 in
1188 2638 1400 2674 meditullio
1428 2637 1627 2683 ‘tullium’)

260 2811 281 2843 2
311 2807 432 2853 suppl.
458 2807 659 2844 Fabricius
687 2808 699 2853 ΙΙ
739 2810 846 2853 seqq.
874 2806 921 2842 de
952 2816 1122 2842 sermone
1153 2805 1272 2842 latino
1298 2805 1332 2842 V
1356 2806 1435 2843 ind.
1457 2805 1562 2842 Hier.
1596 2807 1734 2851 (aperte
1765 2815 1895 2841 errans

138 2856 182 2892 in
205 2856 470 2902 antiqu-‘tatum
494 2855 635 2899 libriv:
659 2865 763 2900 quem
785 2855 899 2891 secuti
923 2853 1085 2900 septimo
1110 2854 1166 2891 vel
1183 2853 1252 2890 VII
1277 2855 1380 2900 apud
1399 2854 1582 2898 Rufinum
1605 2854 1662 2889 bis
1686 2857 1754 2889 aut
1777 2854 1897 2889 err-on·

139 2907 208 2940 aut
236 2903 366 2940 mendo
389 2902 473 2948 (UII
497 2914 542 2939 ex
564 2901 647 2948 1111)
678 2903 887 2939 tribuerunt
916 2912 999 2938 eum
1027 2902 1163 2938 latmia
1189 2902 1330 2946 Warn„
1356 2902 1557 2944 vaaioli,
1590 2901 1660 2943 al.;
1691 2904 1731 2936 at
1761 2902 1895 2937 rectius

140 2950 362 2987 Ritacheliue
388 2950 531 2996 duplici
563 2950 765 2987 testimonio
787 2949 905 2994 'fidem
937 2949 1107 2986 habuisse
1130 2949 1292 2986 videtur:
1326 2960 1370 2985 εει)
1395 2959 1465 2995 quo
1490 2953 1615 2984 utrum
1643 2948 1726 2984 VII
1752 2948 1896 2992 fiaes-im

138 2999 288 3035 ommino
313 2998 368 3035 vel
391 2998 482 3035 adeo
507 2998 636 3044 plures
659 2998 840 3034 nescimus
869 2999 880 3043 ΙΙ
914 3001 956 3033 12
983 3008 1059 3033 non
1084 2996 1135 3032 sit
1160 2998 1221 3032 sat
1245 2998 1312 3041 (vel
1338 2996 1434 3042 θοῶς
1467 2997 1544 3032 trau·
1567 2996 1621 3032 ed.
1648 3000 1712 3032 vet.
1746 2995 1812 3042 (sit
1836 2995 1894 3032 del

138 3045 243 3090 Saul,
268 3045 319 3082 sit
341 3045 469 3082 neseio
493 3056 576 3082 corr
587 3045 831 3091 Freinsheim)
858 3046 864 3091 Ι
893 3046 933 3081 nt
956 3046 1157 3090 utrumque
1184 3045 1300 3081 Hertz
1332 3046 1344 3090 ΙΙ
1384 3047 1427 3079 13
1453 3043 1528 3090 ipsi
1554 3043 1672 3078 dicier
1696 3043 1791 3079 ioui:
1819 3044 1896 3080 brai

141 3094 340 3130 Buecheler
364 3093 454 3130 duce
478 3092 564 3130 Scaz
588 3093 638 3139 (d.
664 3092 692 3129 I.
718 3092 757 3139 i.)
