2176 3386
890 136 1269 176 ADNOTATIONES
1869 137 1958 183 293

322 254 419 305 192,
441 253 479 294 8.
510 253 599 293 Hoc
614 254 879 303 traqmentum
899 254 933 291 et
949 252 1150 301 sequentia
1167 251 1271 302 quod
1298 250 1522 292 Wilmanns
1540 251 1639 291 libro
1660 250 1733 290 XI
1745 252 1960 292 vindicavit

200 319 400 360 dubitante
412 319 626 360 Funaiolio
638 331 681 369 p.
698 319 796 363 187,
816 319 885 358 etsi
901 316 1142 367 probabilem
1159 317 1388 357 sententiam
1408 328 1489 357 csse
1505 318 1690 357 concessit
1707 317 1761 357 ad
1783 318 1839 357 16
1850 315 1959 373 [25]

189 397 235 436 p.
257 386 344 426 193
369 387 405 425 et
420 386 478 426 ,24
497 397 541 435 p.
564 386 662 430 196,
686 385 771 424 iam
794 384 936 424 certius
961 384 1077 423 etiam
1099 383 1190 423 huic
1214 382 1294 423 loco
1311 383 1575 434 relinquemus
1593 383 1792 423 accedente
1814 384 1958 433 fraqm.

199 448 341 502 ⁷[24]
351 451 494 491 diserto
512 446 688 504 (Iuliani
706 452 741 489 et
758 442 962 503 anonymi)
983 449 1209 494 testimonio,
1228 448 1332 498 quod
1353 449 1577 489 Wilmanns
1592 449 1770 489 nondum
1785 451 1958 494 noverat,

189 518 427 567 pracsertim
456 528 546 557 cumi
582 518 661 565 ipsi
697 516 815 555 huius
851 516 1062 565 fraymenti
1093 515 1123 555 8
1151 515 1360 555 sententiae
1397 515 1640 565 adiungatur
1668 526 1814 554 novum
1850 514 1959 564 fraq-

196 586 378 623 mcntum.
703 596 709 601 ³

195 645 197 647 ’
326 655 426 704 193,
448 655 514 694 18.
556 653 725 693 catinuli
751 652 995 693 annuimus
1018 653 1139 692 secun
1155 652 1332 702 priores:
1357 663 1435 701 per
1457 663 1499 691 se
1522 663 1603 691 mm
1628 662 1799 701 prorsus
1821 652 1961 701 maan·

190 722 321 771 potest
354 720 571 761 Varronem
597 720 714 759 etiam
738 718 857 759 verba
881 730 962 758 non
988 717 1116 758 catilli
1140 720 1185 757 ut
1206 719 1251 757 in
1268 721 1477 767 praecepto
1507 717 1660 757 adicere
1676 717 1863 767 potuisse.

322 787 422 836 194,
442 786 481 825 6.
512 797 584 826 vas
611 780 857 825 ‘terminata'
877 795 957 823 non
978 786 1139 830 astant,
1163 783 1232 823 sed
1255 785 1345 833 ipsa
1370 785 1522 823 tamtum
1546 783 1737 823 vocabula
1755 794 1828 822 vas
1846 781 1960 822 vadis

202 856 238 893 et
260 853 387 893 vasis:
410 852 516 891 unde
531 853 644 901 patet
662 851 965 901 yrammaticum
989 850 1058 890 hoc
1081 849 1296 899 exemplum
1322 850 1375 889 ad
1399 849 1554 899 reliqua
1579 849 1900 889 accommodasse.

319 919 418 969 194,
439 919 507 957 12.
550 915 670 957 Gellii
701 916 820 956 verba
846 916 1130 966 praetermissa
1154 927 1180 955 a
1208 914 1488 960 Wilmannsio,
1519 926 1546 953 a
1569 913 1784 954 Funaiolio
1801 925 1845 963 p.
1870 914 1960 953 ‚278

200 985 293 1024 adn.
321 985 619 1024 commemorata
649 983 720 1023 etsi
747 983 896 1022 incerta
925 982 1078 1022 ratione
1106 982 1368 1031 reposuimus,
1395 982 1524 1020 tamen
1548 981 1640 1019 ausi
1669 990 1808 1019 sumus
1832 979 1960 1020 adsci-

196 1061 312 1097 scere,
349 1060 438 1090 cum
475 1049 575 1089 talia
611 1050 656 1088 in
691 1047 793 1088 libro
818 1047 892 1087 XI
911 1048 1130 1097 eoeposuisse
1163 1047 1380 1087 Varronem
1417 1048 1500 1096 fere
1529 1048 1675 1086 certum
1704 1047 1758 1085 sit
1781 1066 1838 1072 —
1862 1057 1960 1085 nam

195 1116 315 1156 huius
348 1115 639 1156 consuetudinis
671 1114 875 1163 vesttyium
907 1113 969 1153 vel
1000 1114 1044 1152 in
1068 1113 1298 1153 Florentino
1322 1112 1498 1152 relictum
1522 1114 1579 1151 est
1600 1132 1661 1139 —
1683 1112 1888 1161 ipsumque
1911 1110 1959 1150 de

197 1182 406 1222 elocutione
443 1180 701 1220 testimonium
738 1191 785 1219 etc
816 1179 936 1219 Gellii
971 1190 1077 1218 more
1107 1179 1161 1217 ad
1190 1181 1402 1228 praecepta
1431 1179 1476 1218 in
1510 1178 1665 1227 scriptis
1697 1177 1960 1217 revocandum

196 1247 389 1293 videatur,
421 1248 524 1287 sicut
555 1246 628 1285 sub
661 1247 781 1294 finem
814 1245 868 1284 ad
896 1243 1081 1284 Caesaris
1114 1244 1162 1284 de
1186 1245 1372 1294 analoyia
1406 1244 1527 1283 libros
1553 1245 1764 1293 provocat;
1795 1243 1959 1292 itemque

196 1314 356 1366 pan-ius
381 1307 591 1367 (penitius
616 1306 676 1365 P)
710 1323 828 1351 casus
861 1310 1052 1351 Varronis
1084 1311 1285 1361 patricum
1317 1310 1456 1355 reddit,
1491 1310 1558 1359 qui
1591 1310 1691 1348 redit
1714 1308 1785 1347 IX
1811 1310 1879 1354 14,
1902 1309 1958 1347 18

200 1381 244 1419 in
277 1379 357 1419 loco
390 1380 481 1418 item
507 1372 796 1416 ‘Varroniano'
820 1379 866 1416 ut
896 1377 1062 1422 videtur,
1085 1376 1155 1416 ubi
1178 1376 1357 1416 similiter
1380 1376 1454 1416 sub
1487 1378 1606 1424 finem
1631 1374 1685 1415 ad
1718 1375 1959 1413 contrariam

202 1445 387 1486 Caesaris
410 1445 454 1484 in
478 1443 577 1483 libro
602 1443 650 1482 de
674 1443 860 1493 analoyia
883 1442 944 1481 II
962 1443 1191 1482 sententiam
1208 1444 1398 1491 provocat
1423 1441 1587 1481 Gellius.

323 1517 421 1566 195,
440 1516 479 1554 4.
522 1515 686 1555 inex-teis
710 1515 852 1560 Keilii,
890 1516 958 1564 qui
995 1515 1143 1564 confert
1168 1513 1257 1553 GL.
1284 1513 1342 1552 II
1362 1514 1462 1559 360,
1483 1513 1523 1559 8,
1556 1515 1591 1551 et
1622 1512 1887 1553 Wilmannsio
1925 1514 1960 1550 et

194 1582 410 1622 Funaiolio
426 1582 626 1631 placuisse
643 1582 860 1620 miramur:
882 1592 979 1620 nam
997 1579 1230 1620 adiectivum
1247 1580 1350 1619 inter
1366 1579 1612 1618 substantiva
1629 1578 1711 1618 loco
1737 1574 1956 1627 ‘parallelo'

196 1649 358 1689 munim
380 1648 551 1698 offendit,
575 1647 646 1686 hoc
670 1647 750 1685 loco
773 1647 874 1696 ferri
896 1647 1038 1696 nequit.

319 1720 417 1770 196,
439 1720 463 1759 2
477 1730 557 1770 sqq.
592 1717 652 1767 Cf.
672 1717 931 1758 Reitzenstein
947 1729 992 1767 p.
1015 1717 1074 1757 52
1098 1717 1190 1756 adn.
1214 1719 1251 1756 1.

319 1786 419 1835 197,
440 1785 493 1824 18
507 1796 562 1835 sq.
608 1783 669 1834 Cf.
688 1783 908 1824 Sabbadimi
933 1780 1058 1823 ‘BerL
1082 1783 1180 1833 phil.
1209 1779 1376 1823 Wschr?
1405 1781 1522 1821 XXI
1540 1794 1576 1821 a.
1606 1782 1721 1820 1906
1739 1792 1783 1830 p.
1813 1781 1900 1819 607
1924 1782 1959 1819 et

198 1852 296 1891 Ihm
320 1851 430 1890 Mus.
452 1851 576 1890 Rhen.
601 1850 742 1889 LXII
762 1862 799 1890 a.
828 1851 945 1889 1907
961 1861 1007 1899 p.
1035 1849 1123 1889 156
1133 1860 1188 1899 sq.
1228 1848 1365 1898 Neque
1390 1850 1520 1887 tamen
1543 1849 1643 1886 recte
1666 1848 1702 1885 is
1726 1847 1790 1886 cui
1812 1856 1958 1885 novum

195 1919 462 1967 fraymentum
485 1916 667 1956 debemus
691 1916 885 1955 contendit
899 1918 1062 1965 propter
1082 1914 1279 1954 Ciceronis
1302 1925 1443 1954 nomen
1467 1914 1593 1952 locwm
1613 1924 1659 1952 ex
1674 1912 1958 1962 posterioribus

199 1983 311 2023 libris
330 1982 424 2032 (XI
424 1982 566 2021 —XX
574 1981 624 2032 V)
643 1982 890 2031 desumptum
908 1992 1008 2020 esse.-
1031 1981 1100 2020 ubi
1117 1979 1284 2030 neglexit
1299 1981 1344 2019 in
1361 1979 1517 2019 scholiis
1542 1978 1779 2028 Verqilianis
1796 1978 1957 2027 saepius

198 2048 250 2088 ad
276 2047 505 2088 Ciceronem
532 2047 630 2088 addi
653 2048 767 2088 libris
790 2048 844 2087 ad
867 2047 912 2086 P.
931 2046 1176 2096 Septwnium
1199 2046 1305 2085 datis
1329 2044 1382 2094 (v.
1408 2046 1552 2094 fraym.
1580 2045 1604 2084 l.
1631 2044 1690 2082 II
1690 2043 1776 2082 —I
1780 2042 1843 2092 V).

320 2120 419 2169 197,
440 2120 508 2158 21.
552 2119 611 2168 Cf.
632 2120 794 2159 Brandt
818 2116 966 2159 ‘Wien
991 2115 1119 2158 Stud?
1147 2118 1275 2157 XIII
1295 2129 1339 2166 p.
1365 2117 1466 2156 260.
1506 2116 1570 2155 De
1601 2116 1821 2165 fraqmento
1855 2114 1958 2164 quod

192 2185 395 2235 praecedit
430 2186 538 2235 apud
562 2185 822 2224 Fumioliwm
859 2184 990 2234 (quem
1026 2184 1223 2232 conferas,
1262 2183 1331 2221 etsi
1361 2182 1521 2221 minime
1550 2193 1633 2220 rem
1664 2179 1848 2229 absolvit)
1872 2181 1899 2218 i.
1926 2191 1956 2218 e.

199 2251 498 2301 quadrayesimo
522 2251 632 2299 apud
658 2250 980 2296 Wilmannsiurm
1004 2250 1053 2299 cf.
1081 2249 1147 2288 VI
1169 2249 1226 2288 68
1244 2247 1374 2297 (test).

320 2322 418 2373 198,
440 2322 567 2362 1-5.
607 2322 701 2362 haec
732 2323 956 2371 sraymenta
980 2333 1007 2361 a
1034 2321 1296 2362 Wilmannsio
1330 2319 1495 2368 neylecto
1528 2319 1638 2357 tertio
1663 2317 1777 2357 libris
1802 2317 1903 2356 XII
1922 2319 1959 2357 et

200 2388 327 2428 XIII
345 2389 546 2437 adscripta
571 2388 642 2428 hoc
664 2388 802 2428 saltem
825 2388 906 2427 loco
932 2387 1170 2432 addidimus,
1195 2398 1283 2425 cum
1307 2385 1355 2424 de
1379 2386 1439 2423 his
1463 2384 1580 2423 rebus
1602 2384 1647 2422 in
1671 2383 1783 2423 libris
1808 2383 1857 2422 de
1879 2382 1904 2421 l.
1931 2383 1955 2423 l.

208 2455 424 2495 Varronem
447 2455 593 2494 dixisse
617 2456 762 2494 certwm
785 2455 847 2500 sit,
882 2454 953 2493 etsi
985 2454 1175 2492 incertum
1200 2454 1265 2497 est,
1298 2463 1396 2490 num
1419 2451 1514 2490 haec
1537 2450 1707 2489 maxime
1737 2449 1957 2488 testimonia

200 2521 293 2560 inde
316 2521 518 2570 desumpta
542 2521 631 2559 sint.

323 2592 421 2642 198,
442 2592 599 2632 6-12,
630 2592 674 2630 in
698 2592 913 2631 testimonio
931 2592 979 2631 de
1003 2602 1149 2643 puerus
1174 2603 1274 2642 puer
1290 2589 1450 2640 puellus
1476 2600 1576 2638 quae
1599 2589 1815 2637 sequuntur
1835 2597 1957 2625 exem-

193 2657 269 2707 pla
287 2657 449 2702 Lucilii,
479 2656 651 2704 Caecilii,
669 2654 847 2706 Afranii,
866 2657 1015 2703 Plauti,
1039 2658 1180 2696 iterum
1198 2656 1319 2701 Livii,
1338 2654 1483 2694 Naevii
1500 2653 1739 2696 Suetonium,
1766 2651 1818 2691 ad
1844 2662 1957 2701 quem

192 2724 383 2772 provocat
411 2724 703 2772 yrammaticus,
738 2724 998 2772 desumpsisse
1022 2734 1069 2762 esc
1095 2722 1283 2767 Varrone,
1315 2733 1396 2760 non
1420 2719 1702 2769 improbabilis,
1735 2716 1804 2757 sed
1835 2717 1957 2756 nimis
1997 2744 2003 2752 .

199 2790 347 2828 incerta
372 2791 424 2827 est
452 2787 708 2829 Wilmannsii
731 2790 973 2836 coniectwra;
995 2788 1042 2829 de
1067 2789 1146 2827 loco
1169 2789 1213 2827 in
1231 2788 1412 2836 proximo
1437 2787 1656 2836 fraqmento
1675 2783 1890 2822 testimonio
1909 2782 1957 2821 de

210 2854 387 2894 Varrone
397 2855 631 2903 praemisso,
649 2854 716 2893 ubi
727 2853 863 2894 Plauti
879 2854 992 2894 Duc.
1012 2867 1047 2893 v.
1061 2854 1149 2893 323
1170 2874 1225 2880 —
1247 2865 1273 2892 a
1293 2852 1470 2892 Varrone
1488 2851 1534 2890 ob
1548 2851 1672 2890 aliam
1689 2861 1772 2887 rem
1784 2847 1856 2886 IX
1869 2849 1956 2886 106

201 2919 346 2959 allatus
368 2940 419 2947 —
443 2922 478 2958 et
503 2918 697 2959 Caecilius
722 2921 950 2966 excitantur,
973 2919 1058 2959 ideo
1084 2920 1226 2958 certius
1249 2917 1525 2962 iudicabimus,
1550 2917 1645 2966 quia
1669 2916 1716 2954 de
1741 2913 1955 2953 testimonio

199 2995 280 3024 ωηο
305 2987 433 3025 tenore
449 2985 605 3034 prolato
624 2987 765 3035 aqitur.
798 2985 996 3026 Extremis
1020 2985 1148 3025 verbis
1174 2978 1242 3038 (de
1268 2982 1410 3023 ceteris
1435 2993 1465 3022 e.
1485 2994 1519 3031 q.
1538 2976 1589 3035 s.)
1615 2982 1652 3021 si
1675 2982 1773 3020 recte
1797 2980 1956 3019 coniecit

213 3050 438 3091 Wilmanns
461 3051 763 3092 observationem
790 3051 982 3094 Varronis
1005 3051 1053 3090 de
1073 3051 1247 3100 yenetivo
1278 3049 1533 3088 librariorum
1563 3046 1679 3096 culpa
1709 3047 1956 3085 obscuratam
