2176 3386
346 126 433 168 236

697 123 1017 167 RELIQVORVM
1042 123 1107 158 DE
1134 122 1459 159 GRAMMATICA
1483 123 1736 159 LIBRORVM

556 234 723 275 tamdiu
749 235 825 287 est,
850 232 984 274 donec
1013 233 1288 288 perveniatur
1312 231 1365 273 ad
1397 246 1624 274 summam:
1657 246 1824 274 summa
1854 234 1919 274 est
1943 235 2087 275 autem
2149 224 2152 229 ’

557 319 665 360 quae
698 304 925 347 conficitur
950 318 1001 345 ex
1033 303 1255 346 concessis.
1301 302 1417 358 quod
1448 302 1544 345 dico
1575 303 1661 345 tale
1693 305 1775 346 est:
1807 303 1881 358 qui
1907 303 2012 360 dicit
2035 303 2088 346 ‘si

559 375 764 429 ambulat,
784 374 996 416 movetur'
1016 370 1195 429 probare
1220 375 1314 415 vult
1340 373 1515 429 aliquid,
1540 376 1588 415 ut
1614 387 1709 415 cum
1733 372 1817 416 11οο
1842 373 1966 430 [11011]
1993 388 2090 417 con-

561 461 727 490 cessero
759 460 907 488 verum
939 459 1030 487 esse
1061 448 1192 487 restet
1223 445 1288 487 illi
1320 444 1470 487 docere
1497 445 1613 499 quod
1637 445 1828 487 ambulet
1852 447 1896 487 et
1923 459 2091 487 summa

558 520 855 573 consequatur,
882 531 989 571 quae
1015 517 1101 558 iam
1126 516 1272 572 negari
1299 530 1387 557 non
1405 518 1561 571 potest,
1586 515 1630 557 id
1655 518 1720 557 est
1741 515 1855 571 quod
1880 518 2089 572 movetur,
2125 533 2142 561 11

560 591 635 631 aut
653 591 786 631 restet
812 588 878 630 illi
897 588 1048 630 docere
1068 587 1184 643 quod
1201 601 1291 629 non
1308 576 1516 642 movetur,
1540 588 1589 628 ut
1609 588 1894 641 consequatur
1912 601 2090 642 summa,

562 674 670 715 quae
702 660 805 701 item
837 673 926 701 non
956 661 1102 713 potest
1131 673 1219 700 non
1245 658 1431 713 concedi,
1464 658 1507 699 id
1539 659 1603 699 est
1629 657 1744 712 quod
1769 671 1857 699 non
1888 657 2088 700 ambulet.
2147 687 2150 689 v

562 746 710 773 rursus
737 731 774 773 si
803 730 887 773 hoc
911 730 1039 772 modo
1065 730 1171 772 velit
1197 729 1334 772 dicere
1367 729 1512 771 ‘homo
1544 728 1625 770 iste
1657 728 1878 780 ambulat’‚
1909 728 2090 784 simplex

562 802 774 844 sententia
814 804 889 855 est,
931 816 1059 856 quam
1101 801 1138 842 si
1179 814 1428 843 concessero
1466 802 1509 842 et
1549 799 1653 855 [alia
1685 813 1793 854 quac
1824 799 1991 854 aliquid
2020 815 2090 842 ex-

559 876 735 929 pectant
753 873 806 915 ad
834 872 1147 927 conpletionem
1176 871 1412 914 sententiae
1439 871 1694 913 sententiam
1719 870 2088 925 conprehendunt]
2110 889 2146 916 ιο

563 945 807 987 adiunxerit
839 945 967 986 aliam
1001 943 1212 998 ‘quisquis
1245 945 1388 984 autem
1430 941 1622 984 ambulat
1653 942 1863 984 movetur'
1898 944 1941 983 et
1980 941 2092 984 hanc

564 1016 694 1058 etiam
728 1029 989 1069 concessero,
1020 1028 1072 1055 ex
1108 1013 1188 1055 hac
1220 1014 1521 1056 coniunctione
1554 1013 1864 1055 sententiarum
1896 1013 2091 1068 quamvis

564 1086 819 1143 singillatim
851 1085 1169 1128 enuntiatarum
1201 1087 1244 1126 et
1276 1098 1571 1127 concessarum
1602 1083 1678 1125 illa
1709 1099 1873 1126 summa
1898 1084 2092 1139 sequitur

566 1173 674 1214 quae
700 1155 1049 1200 iamnecessario
1076 1155 1346 1210 concedatur,
1377 1155 1422 1197 id
1446 1158 1528 1197 est:
1556 1154 1700 1197 ‘homo
1733 1155 1815 1196 iste
1846 1154 1979 1211 igitur
2002 1170 2091 1198 mo-

562 1229 714 1272 vetur'.
765 1227 834 1270 1118
865 1228 1052 1270 breviter
1082 1226 1328 1269 constitutis
1361 1226 1551 1283 singulas
1583 1228 1726 1281 partes
1758 1226 2093 1269 consideremus:
2112 1245 2146 1272 1⁵

561 1316 662 1343 nam
695 1303 796 1342 sunt
826 1300 990 1354 primae
1022 1298 1142 1353 duae,
1172 1313 1258 1340 una
1290 1298 1340 1340 de
1371 1297 1439 1340 his
1466 1311 1574 1353 quae
1605 1297 1858 1352 simpliciter
1883 1297 2094 1353 dicuntur,

563 1372 639 1414 ubi
683 1374 749 1413 est
793 1371 915 1426 quasi
958 1370 1139 1412 materia
1176 1369 1441 1424 dialecticae,
1485 1370 1620 1411 altera
1656 1368 1707 1410 de
1743 1367 1811 1410 his
1849 1383 1958 1424 quae
1997 1383 2094 1412 con-

563 1443 709 1485 iuncta
734 1442 946 1496 dicuntur,
971 1441 1047 1483 ubi
1071 1441 1156 1483 iam
1178 1440 1300 1496 quasi
1326 1454 1433 1496 opus
1453 1442 1641 1495 apparet.
1693 1454 1801 1495 quae
1820 1439 1871 1482 de
1891 1440 2093 1496 simplici-

562 1515 644 1556 bus
686 1516 762 1571 est,
792 1516 972 1556 vocatur
1003 1513 1054 1555 de
1085 1512 1311 1568 loquendo.
1372 1512 1447 1554 illa
1477 1526 1578 1554 vero
1618 1525 1726 1566 quae
1765 1511 1815 1552 de
1853 1510 2094 1554 coniunctis

563 1589 641 1640 est,
673 1586 719 1628 in
749 1588 836 1627 tres
867 1587 1012 1640 partes
1045 1584 1267 1626 dividitur:
1303 1585 1497 1638 separata
1527 1583 1640 1625 enim
1673 1583 1973 1626 coniunctione
2004 1598 2094 1626 ver·
2113 1601 2148 1627 πο

562 1657 717 1699 borum
745 1671 853 1711 quae
884 1670 972 1698 non
1003 1655 1155 1710 implet
1187 1655 1455 1709 sententiam,
1487 1654 1563 1696 illa
1588 1668 1696 1710 quae
1727 1654 1789 1696 810
1819 1654 1972 1710 implet
2004 1669 2095 1697 sen-

563 1728 762 1782 tentiam,
793 1730 842 1769 ut
878 1726 1069 1768 nondum
1105 1727 1238 1768 faciat
1269 1725 1562 1781 quaestionem
1593 1726 1662 1767 vel
1692 1725 2002 1780 disputatorem
2033 1740 2096 1768 re-

566 1799 721 1854 quirat,
746 1800 926 1840 vocatur
951 1798 1002 1840 de
1027 1797 1284 1852 eloquendo3
1315 1797 1390 1838 illa
1415 1811 1523 1852 quae
1555 1796 1616 1838 sic
1646 1797 1798 1851 implet
1829 1797 2095 1852 sententiam,

563 1873 613 1912 ut
639 1870 691 1911 de
716 1869 939 1911 sententiis
966 1868 1233 1924 simplicibus
1258 1867 1479 1922 iudicetur,
1504 1870 1682 1910 vocatur
1708 1867 1758 1909 de
1783 1867 2096 1924 proloquend03

567 1942 643 1984 illa
669 1956 777 1996 quae
809 1942 869 1983 810
895 1940 1219 1995 comprehendit
1244 1939 1510 1994 sententiam,
1542 1941 1590 1980 ut
1616 1939 1667 1980 de
1692 1939 1786 1994 ipsa
1812 1940 1940 1981 etiam
1968 1953 2096 1995 copu-
2115 1956 2150 1984 2⁶

563 2013 725 2055 latione
757 2012 981 2066 iudicetur,
1013 2011 1147 2053 donec
1187 2010 1462 2065 perveniatur
1492 2010 1545 2051 ad
1577 2024 1805 2065 summam,
1836 2013 2014 2052 vocatur
2044 2009 2095 2052 de

564 2084 890 2139 proloquiorum
922 2097 1097 2125 summa.

684 2154 862 2196 verbum
895 2156 960 2196 est
990 2153 1117 2196 unius
1143 2153 1351 2208 cuiusque
1381 2153 1443 2195 rei
1475 2153 1644 2210 signum
1673 2152 1788 2208 quod
1819 2152 1871 2194 ab
1897 2153 2096 2196 audiente

565 2226 704 2282 possit
744 2225 938 2282 intellegi
975 2239 1000 2266 a
1038 2225 1241 2281 loquente
1280 2225 1508 2279 prolatum.
1570 2239 1638 2265 res
1679 2226 1746 2266 est
1786 2224 1992 2279 quicquid
2029 2223 2098 2266 vel

472 2347 516 2378 28
543 2343 742 2389 Auyustin.
769 2343 812 2378 de
836 2342 926 2378 dial.
949 2343 985 2378 V
1004 2354 1038 2388 p.
1056 2344 1078 2377 7
1105 2342 1232 2378 Oreeez.
1260 2340 1426 2386 (verbum
1453 2370 1460 2375 .
1489 2369 1496 2376 .
1525 2368 1532 2375 .
1558 2341 1693 2386 potest.
1731 2340 1823 2375 haec
1849 2340 1975 2375 omnia
2000 2350 2096 2385 quae

354 2390 511 2426 definita
546 2392 633 2425 sunt
665 2391 792 2425 utrum
825 2391 926 2426 recte
961 2389 1116 2424 definita
1151 2389 1227 2423 sint
1253 2416 1259 2423 .
1288 2417 1293 2423 .
1324 2417 1331 2423 .
1356 2388 1421 2423 ille
1447 2387 1632 2423 indicabit
1665 2386 1769 2423 locus
1796 2398 1868 2432 quo
1895 2387 2096 2423 definiendi

354 2438 554 2484 disciplina
578 2439 773 2473 tractatur.
823 2449 921 2473 nunc
946 2437 1046 2481 quod
1080 2437 1199 2471 instat
1224 2436 1352 2481 accipe
1386 2436 1564 2471 intentus.
1614 2446 1721 2470 omne
1748 2463 1754 2470 .
1784 2464 1791 2470 .
1819 2463 1827 2470 .
1853 2435 2002 2481 signum
2028 2437 2095 2471 est.

353 2486 494 2531 quippe
517 2486 695 2530 inspectis
721 2497 743 2520 a
766 2485 917 2531 legente
942 2484 1079 2519 litteris
1105 2484 1267 2519 occurrit
1298 2484 1422 2518 animo
1447 2483 1538 2528 quid
1562 2493 1651 2517 voce
1682 2485 1902 2527 prorumpat
1921 2511 1928 2517 .
1950 2510 1958 2518 .
1979 2511 1986 2517 .
2008 2493 2096 2529 ergo

352 2535 396 2569 ut
421 2544 617 2579 coeperam
642 2533 765 2568 dicere
790 2543 900 2568 omne
924 2532 1076 2567 verbum
1102 2532 1220 2567 sonat.
1264 2531 1329 2566 sed
1357 2559 1363 2565 .
1393 2559 1399 2565 .
1426 2558 1434 2566 .
1462 2530 1657 2576 significat.
1703 2530 1769 2565 sed
1800 2529 1979 2575 exemplis
2004 2530 2097 2566 haec

352 2581 588 2616 inlustranda
613 2591 694 2616 esse
718 2580 914 2626 perspicio.
937 2607 944 2615 .
966 2607 973 2614 .
996 2608 1002 2614 .
1025 2591 1112 2625 ergo
1134 2589 1242 2614 omne
1261 2578 1412 2613 verbum
1437 2579 1585 2623 praeter
1609 2577 1649 2611 id
1675 2577 1775 2622 quod
1793 2580 1902 2612 sonat
1920 2579 2099 2623 quattuor

355 2628 540 2673 quaedam
576 2628 786 2663 necessario
817 2629 927 2663 vocat
961 2627 1001 2662 in
1032 2627 1305 2671 quaestionem:
1345 2626 1528 2671 originem
1565 2636 1671 2660 suam
1701 2625 1776 2659 vim
1808 2624 2097 2661 declinationem

355 2675 639 2711 ordinationem.
668 2703 676 2711 .
698 2703 705 2710 .
728 2704 736 2711 .
763 2675 846 2720 quis
872 2675 970 2710 enim
996 2674 1158 2719 reperire
1183 2673 1302 2719 possit
1327 2673 1507 2718 quicquid
1532 2673 1675 2707 dictum
1698 2672 1812 2707 fuerit
1835 2673 1935 2707 unde
1960 2673 2017 2707 ita
2042 2672 2097 2706 di-

355 2725 456 2758 ctum
482 2723 555 2758 sit?
591 2722 679 2758 huic
705 2722 851 2758 accedit
874 2722 974 2767 quod
998 2723 1043 2756 ut
1067 2721 1293 2757 somniorum
1317 2721 1578 2766 interpretatio
1603 2720 1657 2754 ita
1683 2720 1875 2755 verborum
1901 2719 2004 2766 origo
2030 2729 2097 2765 pro

355 2771 533 2815 cuiusque
570 2770 721 2816 ingenio
759 2771 957 2805 iudicatur.
1009 2780 1094 2804 ecce
1132 2768 1231 2804 enim
1267 2768 1383 2803 verba
1420 2768 1503 2813 ipsa
1528 2795 1536 2803 .
1565 2796 1571 2802 .
1600 2795 1607 2802 .
1635 2767 1796 2802 clamare
1834 2769 1872 2802 et
1908 2766 2097 2813 Vergilius

357 2818 502 2864 (Geory.
530 2819 606 2853 III
622 2821 714 2862 223)
743 2818 916 2853 ‘reboant
941 2816 1084 2852 silvae’.
1135 2827 1221 2862 ergo
1250 2843 1257 2851 .
1285 2843 1292 2850 .
1321 2844 1327 2850 .
1355 2816 1522 2851 sonando
1548 2826 1575 2850 e.
1591 2826 1622 2860 q.
1635 2815 1677 2860 s.)

475 2929 495 2959 6
520 2926 714 2960 moveatur
734 2925 911 2960 Grecelius
935 2925 946 2969 ΙΙ
973 2927 993 2957 9
1006 2934 1055 2968 sq.
1082 2924 1151 2959 secl
1165 2922 1359 2958 Orecelius:
1384 2922 1429 2966 cf.
1444 2933 1485 2967 p.
1504 2924 1589 2965 235,
1604 2924 1650 2957 15
1661 2932 1711 2967 sq.
1739 2920 2026 2967 (conpletionem
2044 2921 2100 2957 vel

356 2972 679 3018 complectionem)
712 2973 723 3018 ΙΙ
755 2976 797 3007 11
825 2970 1040 3006 adiunxerit
1062 2970 1117 3006 vel
1147 2970 1369 3005 adiunxerat
1402 2971 1413 3015 Η
1448 2973 1492 3004 14
1518 2968 1745 3004 concedatur
1768 2970 1823 3003 vel
1847 2967 2063 3004 conceditur
2086 2969 2098 3014 ΙΙ

357 3024 400 3055 16
428 3020 523 3055 duae
548 3021 602 3055 vel
627 3022 665 3055 et
691 3020 787 3054 duae
817 3020 828 3064 fl
860 3022 905 3053 23
930 3018 1089 3053 uocatur
1114 3017 1158 3052 de
1184 3019 1238 3053 vel
1262 3018 1308 3052 de
1340 3019 1351 3063 11
1383 3020 1428 3052 28
1455 3017 1634 3062 cuiusque
1658 3017 1712 3052 vel
1736 3015 1915 3060 cuiusque
1940 3015 1995 3051 rei
