<?xml version="1.0" encoding="UTF-8"?>
<!DOCTYPE html PUBLIC "-//W3C//DTD XHTML 1.0 Transitional//EN"
    "http://www.w3.org/TR/xhtml1/DTD/xhtml1-transitional.dtd">
<html xmlns="http://www.w3.org/1999/xhtml" xml:lang="en" lang="en">
 <head>
  <title>
</title>
<meta http-equiv="Content-Type" content="text/html;charset=utf-8" />
  <meta name='ocr-system' content='tesseract 3.04.00' />
  <meta name='ocr-capabilities' content='ocr_page ocr_carea ocr_par ocr_line ocrx_word'/>
</head>
<body>
  <div class='ocr_page' id='page_1' title='image "./marcusdelingua00varruoft_0039.png"; bbox 0 0 2144 3340; ppageno 0'>
   <div class='ocr_carea' id='block_1_1' title="bbox 0 3274 28 3340">
    <p class='ocr_par' dir='ltr' id='par_1_1' title="bbox 0 3274 28 3340">
     <span class='ocr_line' id='line_1_1' title="bbox 0 3274 28 3340; baseline 0 0"><span class='ocrx_word' id='word_1_1' title='bbox 0 3274 28 3340; x_wconf 59' lang='lat' dir='ltr'><em>i</em></span> 
     </span>
    </p>
   </div>
   <div class='ocr_carea' id='block_1_2' title="bbox 816 128 1883 171">
    <p class='ocr_par' dir='ltr' id='par_1_2' title="bbox 816 128 1883 171">
     <span class='ocr_line' id='line_1_2' title="bbox 816 128 1883 171; baseline -0.006 0"><span class='ocrx_word' id='word_1_2' title='bbox 816 131 1187 171; x_wconf 74' lang='lat' dir='ltr'>PROLEGOMENA</span> <span class='ocrx_word' id='word_1_3' title='bbox 1747 128 1883 165; x_wconf 83' lang='lat' dir='ltr'>XXXV</span> 
     </span>
    </p>
   </div>
   <div class='ocr_carea' id='block_1_3' title="bbox 121 238 1893 2595">
    <p class='ocr_par' dir='ltr' id='par_1_3' title="bbox 121 238 1883 379">
     <span class='ocr_line' id='line_1_3' title="bbox 242 238 1883 299; baseline -0.007 -7"><span class='ocrx_word' id='word_1_4' title='bbox 242 248 313 292; x_wconf 86' lang='lat'><em>44.</em></span> <span class='ocrx_word' id='word_1_5' title='bbox 345 246 436 291; x_wconf 84' lang='lat' dir='ltr'><em>cod.</em></span> <span class='ocrx_word' id='word_1_6' title='bbox 456 245 783 290; x_wconf 85' lang='lat' dir='ltr'><em>Vallicellianus</em></span> <span class='ocrx_word' id='word_1_7' title='bbox 814 243 854 287; x_wconf 96' lang='lat' dir='ltr'>D</span> <span class='ocrx_word' id='word_1_8' title='bbox 880 243 952 299; x_wconf 87' lang='lat'><em>49,</em></span> <span class='ocrx_word' id='word_1_9' title='bbox 971 243 999 287; x_wconf 84' lang='lat'><strong>3</strong></span> <span class='ocrx_word' id='word_1_10' title='bbox 1032 240 1192 286; x_wconf 88' lang='lat' dir='ltr'><em>saeculi</em></span> <span class='ocrx_word' id='word_1_11' title='bbox 1223 240 1319 298; x_wconf 89' lang='lat' dir='ltr'><em>XV,</em></span> <span class='ocrx_word' id='word_1_12' title='bbox 1353 241 1406 284; x_wconf 86' lang='lat' dir='ltr'><em>de</em></span> <span class='ocrx_word' id='word_1_13' title='bbox 1437 254 1524 297; x_wconf 89' lang='lat' dir='ltr'><em>quo</em></span> <span class='ocrx_word' id='word_1_14' title='bbox 1555 239 1608 283; x_wconf 87' lang='lat' dir='ltr'><em>cf.</em></span> <span class='ocrx_word' id='word_1_15' title='bbox 1630 238 1883 283; x_wconf 84' lang='lat' dir='ltr'><em>Antonibon</em></span> 
     </span>
     <span class='ocr_line' id='line_1_4' title="bbox 121 310 1836 379; baseline -0.006 -15"><span class='ocrx_word' id='word_1_16' title='bbox 121 335 164 379; x_wconf 89' lang='lat' dir='ltr'><em>p.</em></span> <span class='ocrx_word' id='word_1_17' title='bbox 191 319 259 364; x_wconf 82' lang='lat'><em>12.</em></span> <span class='ocrx_word' id='word_1_18' title='bbox 322 318 406 371; x_wconf 87' lang='lat' dir='ltr'><em>Qui</em></span> <span class='ocrx_word' id='word_1_19' title='bbox 437 319 642 361; x_wconf 86' lang='lat' dir='ltr'><em>secuntur</em></span> <span class='ocrx_word' id='word_1_20' title='bbox 672 330 821 359; x_wconf 89' lang='lat' dir='ltr'><em>eorum</em></span> <span class='ocrx_word' id='word_1_21' title='bbox 854 316 1119 359; x_wconf 89' lang='lat' dir='ltr'><em>mentionem</em></span> <span class='ocrx_word' id='word_1_22' title='bbox 1150 315 1235 357; x_wconf 89' lang='lat' dir='ltr'><em>iam</em></span> <span class='ocrx_word' id='word_1_23' title='bbox 1267 313 1371 356; x_wconf 84' lang='lat' dir='ltr'><em>fecit</em></span> <span class='ocrx_word' id='word_1_24' title='bbox 1403 310 1616 369; x_wconf 78' lang='lat' dir='ltr'><em>Spengel²</em></span> <span class='ocrx_word' id='word_1_25' title='bbox 1646 326 1686 368; x_wconf 87' lang='lat' dir='ltr'><em>p.</em></span> <span class='ocrx_word' id='word_1_26' title='bbox 1714 310 1836 354; x_wconf 86' lang='lat' dir='ltr'>XIV:</span> 
     </span>
    </p>

    <p class='ocr_par' dir='ltr' id='par_1_4' title="bbox 242 384 1346 434">
     <span class='ocr_line' id='line_1_5' title="bbox 242 384 1346 434; baseline -0.006 -1"><span class='ocrx_word' id='word_1_27' title='bbox 242 390 313 434; x_wconf 83' lang='lat'><em>45.</em></span> <span class='ocrx_word' id='word_1_28' title='bbox 346 389 437 434; x_wconf 88' lang='lat' dir='ltr'><em>cod.</em></span> <span class='ocrx_word' id='word_1_29' title='bbox 469 388 728 432; x_wconf 86' lang='lat' dir='ltr'><em>Harleianus</em></span> <span class='ocrx_word' id='word_1_30' title='bbox 759 387 878 430; x_wconf 81' lang='lat'>5406</span> <span class='ocrx_word' id='word_1_31' title='bbox 911 389 955 429; x_wconf 93' lang='lat' dir='ltr'><em>et</em></span> <span class='ocrx_word' id='word_1_32' title='bbox 985 386 1071 429; x_wconf 92' lang='lat' dir='ltr'><em>duo</em></span> <span class='ocrx_word' id='word_1_33' title='bbox 1103 384 1346 428; x_wconf 88' lang='lat' dir='ltr'><em>Florentini</em></span> 
     </span>
    </p>

    <p class='ocr_par' dir='ltr' id='par_1_5' title="bbox 122 454 1886 807">
     <span class='ocr_line' id='line_1_6' title="bbox 242 454 1884 511; baseline -0.005 -6"><span class='ocrx_word' id='word_1_34' title='bbox 242 462 312 506; x_wconf 88' lang='lat'><em>46.</em></span> <span class='ocrx_word' id='word_1_35' title='bbox 343 461 414 505; x_wconf 82' lang='lat'><em>47.</em></span> <span class='ocrx_word' id='word_1_36' title='bbox 447 460 614 504; x_wconf 89' lang='lat' dir='ltr'><em>codices</em></span> <span class='ocrx_word' id='word_1_37' title='bbox 646 459 927 503; x_wconf 86' lang='lat' dir='ltr'><em>Laurentiani</em></span> <span class='ocrx_word' id='word_1_38' title='bbox 958 456 1014 500; x_wconf 94' lang='lat' dir='ltr'><em>LI</em></span> <span class='ocrx_word' id='word_1_39' title='bbox 1034 457 1062 501; x_wconf 89' lang='lat'>6</span> <span class='ocrx_word' id='word_1_40' title='bbox 1094 456 1253 500; x_wconf 86' lang='lat' dir='ltr'><em>saeculi</em></span> <span class='ocrx_word' id='word_1_41' title='bbox 1286 455 1368 498; x_wconf 93' lang='lat' dir='ltr'><em>XV</em></span> <span class='ocrx_word' id='word_1_42' title='bbox 1401 459 1444 499; x_wconf 91' lang='lat' dir='ltr'><em>et</em></span> <span class='ocrx_word' id='word_1_43' title='bbox 1474 454 1532 499; x_wconf 95' lang='lat' dir='ltr'><em>LI</em></span> <span class='ocrx_word' id='word_1_44' title='bbox 1555 456 1600 511; x_wconf 81' lang='lat'><em>7,</em></span> <span class='ocrx_word' id='word_1_45' title='bbox 1643 455 1766 498; x_wconf 86' lang='lat' dir='ltr'><em>cuius</em></span> <span class='ocrx_word' id='word_1_46' title='bbox 1805 454 1884 498; x_wconf 91' lang='lat' dir='ltr'><em>sub</em></span> 
     </span>
     <span class='ocr_line' id='line_1_7' title="bbox 122 527 1886 591; baseline -0.005 -13"><span class='ocrx_word' id='word_1_47' title='bbox 122 534 253 578; x_wconf 83' lang='lat' dir='ltr'><em>finem</em></span> <span class='ocrx_word' id='word_1_48' title='bbox 284 533 391 577; x_wconf 86' lang='lat' dir='ltr'><em>haec</em></span> <span class='ocrx_word' id='word_1_49' title='bbox 421 533 642 591; x_wconf 80' lang='lat' dir='ltr'><em>leguntur:</em></span> <span class='ocrx_word' id='word_1_50' title='bbox 674 531 847 575; x_wconf 84' lang='lat' dir='ltr'><em>Absolvi</em></span> <span class='ocrx_word' id='word_1_51' title='bbox 870 545 940 587; x_wconf 75' lang='lat' dir='ltr'><em>eqo</em></span> <span class='ocrx_word' id='word_1_52' title='bbox 971 529 1224 574; x_wconf 77' lang='lat' dir='ltr'><em>Dominicus</em></span> <span class='ocrx_word' id='word_1_53' title='bbox 1251 527 1537 582; x_wconf 69' lang='lat' dir='ltr'><em>Christophori</em></span> <span class='ocrx_word' id='word_1_54' title='bbox 1560 527 1886 571; x_wconf 80' lang='lat' dir='ltr'><em>Brasiehilensis</em></span> 
     </span>
     <span class='ocr_line' id='line_1_8' title="bbox 123 597 1884 654; baseline -0.006 -2"><span class='ocrx_word' id='word_1_55' title='bbox 123 604 450 651; x_wconf 79' lang='lat' dir='ltr'><em>MGOGGLVI.</em></span> <span class='ocrx_word' id='word_1_56' title='bbox 526 604 678 648; x_wconf 86' lang='lat' dir='ltr'><strong><em>XVII</em></strong></span> <span class='ocrx_word' id='word_1_57' title='bbox 705 602 806 646; x_wconf 81' lang='lat' dir='ltr'><em>Kal.</em></span> <span class='ocrx_word' id='word_1_58' title='bbox 840 602 993 646; x_wconf 84' lang='lat' dir='ltr'><strong><em>Maias</em></strong></span> <span class='ocrx_word' id='word_1_59' title='bbox 1022 601 1281 644; x_wconf 71' lang='lat' dir='ltr'><em>Florentiae.</em></span> <span class='ocrx_word' id='word_1_60' title='bbox 1364 597 1515 643; x_wconf 79' lang='lat' dir='ltr'><em>Valeas</em></span> <span class='ocrx_word' id='word_1_61' title='bbox 1550 600 1624 654; x_wconf 78' lang='lat' dir='ltr'><em>qui</em></span> <span class='ocrx_word' id='word_1_62' title='bbox 1660 599 1761 654; x_wconf 77' lang='lat' dir='ltr'><em>leyis</em></span> <span class='ocrx_word' id='word_1_63' title='bbox 1794 599 1884 654; x_wconf 81' lang='lat' dir='ltr'><em>feli-</em></span> 
     </span>
     <span class='ocr_line' id='line_1_9' title="bbox 122 670 1885 729; baseline -0.005 -7"><span class='ocrx_word' id='word_1_64' title='bbox 122 679 224 722; x_wconf 70' lang='lat' dir='ltr'><em>citer</em></span> <span class='ocrx_word' id='word_1_65' title='bbox 265 680 309 721; x_wconf 87' lang='lat' dir='ltr'><em>et</em></span> <span class='ocrx_word' id='word_1_66' title='bbox 351 677 547 721; x_wconf 74' lang='lat' dir='ltr'><em>inferiuse</em></span> <span class='ocrx_word' id='word_1_67' title='bbox 592 675 718 719; x_wconf 73' lang='lat' dir='ltr'><em>[siber</em></span> <span class='ocrx_word' id='word_1_68' title='bbox 762 674 882 718; x_wconf 78' lang='lat' dir='ltr'><em>Petri</em></span> <span class='ocrx_word' id='word_1_69' title='bbox 926 674 976 717; x_wconf 85' lang='lat' dir='ltr'><em>de</em></span> <span class='ocrx_word' id='word_1_70' title='bbox 1019 673 1205 717; x_wconf 80' lang='lat' dir='ltr'><em>Medicis</em></span> <span class='ocrx_word' id='word_1_71' title='bbox 1238 670 1327 716; x_wconf 82' lang='lat' dir='ltr'><em>Cos.</em></span> <span class='ocrx_word' id='word_1_72' title='bbox 1358 673 1417 727; x_wconf 68' lang='lat' dir='ltr'><em>fii.</em></span> <span class='ocrx_word' id='word_1_73' title='bbox 1463 670 1536 729; x_wconf 89' lang='lat' dir='ltr'><em>(cf.</em></span> <span class='ocrx_word' id='word_1_74' title='bbox 1568 671 1755 714; x_wconf 90' lang='lat' dir='ltr'><em>Bandini</em></span> <span class='ocrx_word' id='word_1_75' title='bbox 1786 674 1816 714; x_wconf 88' lang='lat' dir='ltr'><em>t.</em></span> <span class='ocrx_word' id='word_1_76' title='bbox 1844 670 1885 713; x_wconf 96' lang='lat' dir='ltr'><em>II</em></span> 
     </span>
     <span class='ocr_line' id='line_1_10' title="bbox 124 747 318 807; baseline -0.01 -14"><span class='ocrx_word' id='word_1_77' title='bbox 124 764 165 807; x_wconf 83' lang='lat' dir='ltr'><em>p.</em></span> <span class='ocrx_word' id='word_1_78' title='bbox 199 747 318 806; x_wconf 81' lang='lat'><em>528).</em></span> 
     </span>
    </p>

    <p class='ocr_par' dir='ltr' id='par_1_6' title="bbox 123 814 1893 1092">
     <span class='ocr_line' id='line_1_11' title="bbox 244 814 1893 872; baseline -0.004 -9"><span class='ocrx_word' id='word_1_79' title='bbox 244 819 412 872; x_wconf 84' lang='lat' dir='ltr'><strong>Quibus</strong></span> <span class='ocrx_word' id='word_1_80' title='bbox 443 821 489 863; x_wconf 95' lang='lat' dir='ltr'><em>in</em></span> <span class='ocrx_word' id='word_1_81' title='bbox 519 819 643 862; x_wconf 88' lang='lat' dir='ltr'><em>libris</em></span> <span class='ocrx_word' id='word_1_82' title='bbox 676 818 878 862; x_wconf 90' lang='lat' dir='ltr'><em>omnibus</em></span> <span class='ocrx_word' id='word_1_83' title='bbox 911 818 948 860; x_wconf 91' lang='lat' dir='ltr'><em>si</em></span> <span class='ocrx_word' id='word_1_84' title='bbox 981 816 1084 872; x_wconf 93' lang='lat' dir='ltr'><em>quid</em></span> <span class='ocrx_word' id='word_1_85' title='bbox 1116 819 1258 859; x_wconf 86' lang='lat' dir='ltr'><em>exstat</em></span> <span class='ocrx_word' id='word_1_86' title='bbox 1289 816 1407 872; x_wconf 89' lang='lat' dir='ltr'><em>quod</em></span> <span class='ocrx_word' id='word_1_87' title='bbox 1433 815 1592 859; x_wconf 91' lang='lat' dir='ltr'><em>rectius</em></span> <span class='ocrx_word' id='word_1_88' title='bbox 1619 830 1747 872; x_wconf 86' lang='lat' dir='ltr'><em>quarn</em></span> <span class='ocrx_word' id='word_1_89' title='bbox 1775 816 1819 858; x_wconf 92' lang='lat' dir='ltr'><em>in</em></span> <span class='ocrx_word' id='word_1_90' title='bbox 1845 814 1893 858; x_wconf 83' lang='lat' dir='ltr'>F</span> 
     </span>
     <span class='ocr_line' id='line_1_12' title="bbox 123 887 1884 947; baseline -0.004 -11"><span class='ocrx_word' id='word_1_91' title='bbox 123 906 214 936; x_wconf 83' lang='lat' dir='ltr'><em>esse</em></span> <span class='ocrx_word' id='word_1_92' title='bbox 244 892 454 947; x_wconf 79' lang='lat' dir='ltr'><em>videatur,</em></span> <span class='ocrx_word' id='word_1_93' title='bbox 493 892 537 934; x_wconf 93' lang='lat' dir='ltr'><em>id</em></span> <span class='ocrx_word' id='word_1_94' title='bbox 578 890 810 934; x_wconf 88' lang='lat' dir='ltr'><em>tenendum</em></span> <span class='ocrx_word' id='word_1_95' title='bbox 845 892 910 932; x_wconf 90' lang='lat' dir='ltr'><em>est</em></span> <span class='ocrx_word' id='word_1_96' title='bbox 952 903 1094 932; x_wconf 89' lang='lat' dir='ltr'><em>merae</em></span> <span class='ocrx_word' id='word_1_97' title='bbox 1127 887 1399 931; x_wconf 87' lang='lat' dir='ltr'><em>coniecturae</em></span> <span class='ocrx_word' id='word_1_98' title='bbox 1432 887 1595 945; x_wconf 86' lang='lat' dir='ltr'><em>deberi3</em></span> <span class='ocrx_word' id='word_1_99' title='bbox 1636 902 1722 943; x_wconf 88' lang='lat' dir='ltr'><em>qua</em></span> <span class='ocrx_word' id='word_1_100' title='bbox 1762 887 1807 929; x_wconf 90' lang='lat' dir='ltr'><em>in</em></span> <span class='ocrx_word' id='word_1_101' title='bbox 1839 901 1884 929; x_wconf 91' lang='lat' dir='ltr'><em>re</em></span> 
     </span>
     <span class='ocr_line' id='line_1_13' title="bbox 123 958 1884 1020; baseline -0.005 -11"><span class='ocrx_word' id='word_1_102' title='bbox 123 980 224 1009; x_wconf 83' lang='lat' dir='ltr'><em>sane</em></span> <span class='ocrx_word' id='word_1_103' title='bbox 249 964 449 1008; x_wconf 88' lang='lat' dir='ltr'><em>cautione</em></span> <span class='ocrx_word' id='word_1_104' title='bbox 474 978 583 1020; x_wconf 90' lang='lat' dir='ltr'><em>opus</em></span> <span class='ocrx_word' id='word_1_105' title='bbox 609 965 687 1020; x_wconf 85' lang='lat' dir='ltr'><em>est,</em></span> <span class='ocrx_word' id='word_1_106' title='bbox 718 976 772 1005; x_wconf 94' lang='lat' dir='ltr'><em>ne</em></span> <span class='ocrx_word' id='word_1_107' title='bbox 804 960 1045 1018; x_wconf 78' lang='lat' dir='ltr'><em>elegantiae</em></span> <span class='ocrx_word' id='word_1_108' title='bbox 1071 959 1283 1002; x_wconf 84' lang='lat' dir='ltr'><em>orationis</em></span> <span class='ocrx_word' id='word_1_109' title='bbox 1310 962 1353 1002; x_wconf 91' lang='lat' dir='ltr'><em>et</em></span> <span class='ocrx_word' id='word_1_110' title='bbox 1379 961 1620 1002; x_wconf 72' lang='lat' dir='ltr'><strong>structurae</strong></span> <span class='ocrx_word' id='word_1_111' title='bbox 1644 958 1760 1001; x_wconf 88' lang='lat' dir='ltr'><em>iusto</em></span> <span class='ocrx_word' id='word_1_112' title='bbox 1785 958 1884 1015; x_wconf 89' lang='lat' dir='ltr'><em>plus</em></span> 
     </span>
     <span class='ocr_line' id='line_1_14' title="bbox 123 1032 1269 1092; baseline -0.007 -11"><span class='ocrx_word' id='word_1_113' title='bbox 123 1036 364 1081; x_wconf 81' lang='lat' dir='ltr'><em>tribuentes</em></span> <span class='ocrx_word' id='word_1_114' title='bbox 396 1035 604 1079; x_wconf 86' lang='lat' dir='ltr'><em>carbones</em></span> <span class='ocrx_word' id='word_1_115' title='bbox 636 1049 717 1092; x_wconf 87' lang='lat' dir='ltr'><em>pro</em></span> <span class='ocrx_word' id='word_1_116' title='bbox 749 1033 953 1076; x_wconf 87' lang='lat' dir='ltr'><em>thesauro</em></span> <span class='ocrx_word' id='word_1_117' title='bbox 986 1032 1269 1075; x_wconf 85' lang='lat' dir='ltr'><em>inveniamus.</em></span> 
     </span>
    </p>

    <p class='ocr_par' dir='ltr' id='par_1_7' title="bbox 123 1101 1891 2240">
     <span class='ocr_line' id='line_1_15' title="bbox 243 1101 1890 1160; baseline -0.004 -9"><span class='ocrx_word' id='word_1_118' title='bbox 243 1107 423 1151; x_wconf 88' lang='lat' dir='ltr'><em>Maioris</em></span> <span class='ocrx_word' id='word_1_119' title='bbox 461 1122 562 1151; x_wconf 88' lang='lat' dir='ltr'><em>sane</em></span> <span class='ocrx_word' id='word_1_120' title='bbox 602 1106 813 1150; x_wconf 91' lang='lat' dir='ltr'><em>momenti</em></span> <span class='ocrx_word' id='word_1_121' title='bbox 850 1104 1030 1147; x_wconf 85' lang='lat' dir='ltr'><em>meliora</em></span> <span class='ocrx_word' id='word_1_122' title='bbox 1072 1106 1202 1159; x_wconf 86' lang='lat' dir='ltr'><em>atque</em></span> <span class='ocrx_word' id='word_1_123' title='bbox 1243 1103 1476 1146; x_wconf 81' lang='lat' dir='ltr'><em>sinceriora</em></span> <span class='ocrx_word' id='word_1_124' title='bbox 1507 1101 1756 1160; x_wconf 86' lang='lat' dir='ltr'><em>apographa</em></span> <span class='ocrx_word' id='word_1_125' title='bbox 1789 1105 1890 1145; x_wconf 88' lang='lat' dir='ltr'><em>sunt</em></span> 
     </span>
     <span class='ocr_line' id='line_1_16' title="bbox 125 1173 1890 1236; baseline -0.004 -13"><span class='ocrx_word' id='word_1_126' title='bbox 125 1181 172 1223; x_wconf 89' lang='lat' dir='ltr'><em>in</em></span> <span class='ocrx_word' id='word_1_127' title='bbox 204 1194 255 1223; x_wconf 89' lang='lat' dir='ltr'><em>ea</em></span> <span class='ocrx_word' id='word_1_128' title='bbox 285 1182 408 1236; x_wconf 84' lang='lat' dir='ltr'><em>parte</em></span> <span class='ocrx_word' id='word_1_129' title='bbox 437 1178 496 1236; x_wconf 89' lang='lat' dir='ltr'><em>(p</em></span> <span class='ocrx_word' id='word_1_130' title='bbox 517 1179 588 1234; x_wconf 84' lang='lat'><em>37,</em></span> <span class='ocrx_word' id='word_1_131' title='bbox 611 1177 769 1233; x_wconf 85' lang='lat'>1—-79‚</span> <span class='ocrx_word' id='word_1_132' title='bbox 789 1176 850 1235; x_wconf 86' lang='lat'><em>3),</em></span> <span class='ocrx_word' id='word_1_133' title='bbox 881 1177 927 1219; x_wconf 91' lang='lat' dir='ltr'><em>in</em></span> <span class='ocrx_word' id='word_1_134' title='bbox 959 1190 1045 1232; x_wconf 89' lang='lat' dir='ltr'><em>qua</em></span> <span class='ocrx_word' id='word_1_135' title='bbox 1076 1175 1324 1231; x_wconf 86' lang='lat' dir='ltr'><em>deperditus</em></span> <span class='ocrx_word' id='word_1_136' title='bbox 1356 1177 1422 1217; x_wconf 87' lang='lat' dir='ltr'><em>est</em></span> <span class='ocrx_word' id='word_1_137' title='bbox 1451 1174 1512 1230; x_wconf 86' lang='lat' dir='ltr'><em>F,</em></span> <span class='ocrx_word' id='word_1_138' title='bbox 1542 1174 1627 1217; x_wconf 87' lang='lat' dir='ltr'><em>nisi</em></span> <span class='ocrx_word' id='word_1_139' title='bbox 1655 1173 1772 1230; x_wconf 92' lang='lat' dir='ltr'><em>quod</em></span> <span class='ocrx_word' id='word_1_140' title='bbox 1790 1173 1890 1218; x_wconf 89' lang='lat' dir='ltr'><em>Vic-</em></span> 
     </span>
     <span class='ocr_line' id='line_1_17' title="bbox 124 1246 1889 1303; baseline -0.004 -8"><span class='ocrx_word' id='word_1_141' title='bbox 124 1251 227 1295; x_wconf 85' lang='lat' dir='ltr'><em>torii</em></span> <span class='ocrx_word' id='word_1_142' title='bbox 268 1251 542 1294; x_wconf 85' lang='lat' dir='ltr'><em>collationem</em></span> <span class='ocrx_word' id='word_1_143' title='bbox 583 1251 631 1293; x_wconf 88' lang='lat' dir='ltr'><em>in</em></span> <span class='ocrx_word' id='word_1_144' title='bbox 670 1248 858 1292; x_wconf 73' lang='lat' dir='ltr'><em>editione</em></span> <span class='ocrx_word' id='word_1_145' title='bbox 901 1247 1097 1303; x_wconf 83' lang='lat' dir='ltr'><em>principe</em></span> <span class='ocrx_word' id='word_1_146' title='bbox 1137 1246 1366 1298; x_wconf 80' lang='lat' dir='ltr'><em>habemus,</em></span> <span class='ocrx_word' id='word_1_147' title='bbox 1409 1246 1461 1288; x_wconf 87' lang='lat' dir='ltr'><em>de</em></span> <span class='ocrx_word' id='word_1_148' title='bbox 1501 1260 1587 1302; x_wconf 90' lang='lat' dir='ltr'><em>qua</em></span> <span class='ocrx_word' id='word_1_149' title='bbox 1630 1260 1760 1302; x_wconf 88' lang='lat' dir='ltr'><em>supra</em></span> <span class='ocrx_word' id='word_1_150' title='bbox 1802 1246 1889 1288; x_wconf 93' lang='lat' dir='ltr'><em>iam</em></span> 
     </span>
     <span class='ocr_line' id='line_1_18' title="bbox 125 1316 1889 1379; baseline -0.005 -12"><span class='ocrx_word' id='word_1_151' title='bbox 125 1322 324 1366; x_wconf 82' lang='lat' dir='ltr'><em>diximus.</em></span> <span class='ocrx_word' id='word_1_152' title='bbox 400 1322 545 1379; x_wconf 87' lang='lat' dir='ltr'><em>Atque</em></span> <span class='ocrx_word' id='word_1_153' title='bbox 585 1320 804 1377; x_wconf 86' lang='lat' dir='ltr'><em>exemplar</em></span> <span class='ocrx_word' id='word_1_154' title='bbox 839 1319 949 1363; x_wconf 83' lang='lat' dir='ltr'><em>inud</em></span> <span class='ocrx_word' id='word_1_155' title='bbox 980 1318 1238 1361; x_wconf 88' lang='lat' dir='ltr'><em>Monacense</em></span> <span class='ocrx_word' id='word_1_156' title='bbox 1276 1333 1302 1360; x_wconf 89' lang='lat' dir='ltr'><em>a</em></span> <span class='ocrx_word' id='word_1_157' title='bbox 1331 1316 1622 1361; x_wconf 71' lang='lat' dir='ltr'><em>bibliothecae</em></span> <span class='ocrx_word' id='word_1_158' title='bbox 1660 1317 1889 1373; x_wconf 87' lang='lat' dir='ltr'><em>praefectis</em></span> 
     </span>
     <span class='ocr_line' id='line_1_19' title="bbox 125 1389 1890 1451; baseline -0.004 -13"><span class='ocrx_word' id='word_1_159' title='bbox 125 1394 329 1438; x_wconf 88' lang='lat' dir='ltr'><em>benevole</em></span> <span class='ocrx_word' id='word_1_160' title='bbox 360 1393 695 1451; x_wconf 84' lang='lat' dir='ltr'><em>Heidelbergam</em></span> <span class='ocrx_word' id='word_1_161' title='bbox 737 1391 1039 1435; x_wconf 86' lang='lat' dir='ltr'><em>transmissum</em></span> <span class='ocrx_word' id='word_1_162' title='bbox 1080 1389 1322 1432; x_wconf 88' lang='lat' dir='ltr'><em>Schoellius</em></span> <span class='ocrx_word' id='word_1_163' title='bbox 1366 1391 1564 1432; x_wconf 82' lang='lat' dir='ltr'><em>accurate</em></span> <span class='ocrx_word' id='word_1_164' title='bbox 1608 1391 1890 1444; x_wconf 74' lang='lat' dir='ltr'><em>pertractavit</em></span> 
     </span>
     <span class='ocr_line' id='line_1_20' title="bbox 126 1460 1888 1523; baseline -0.003 -14"><span class='ocrx_word' id='word_1_165' title='bbox 126 1466 173 1510; x_wconf 90' lang='lat' dir='ltr'><em>in</em></span> <span class='ocrx_word' id='word_1_166' title='bbox 202 1465 285 1509; x_wconf 90' lang='lat' dir='ltr'><em>hac</em></span> <span class='ocrx_word' id='word_1_167' title='bbox 314 1468 456 1523; x_wconf 80' lang='lat' dir='ltr'><em>parte,</em></span> <span class='ocrx_word' id='word_1_168' title='bbox 496 1466 718 1522; x_wconf 87' lang='lat' dir='ltr'><em>praeterea</em></span> <span class='ocrx_word' id='word_1_169' title='bbox 748 1463 930 1506; x_wconf 88' lang='lat' dir='ltr'><em>selectos</em></span> <span class='ocrx_word' id='word_1_170' title='bbox 961 1464 1133 1505; x_wconf 89' lang='lat' dir='ltr'><em>tantum</em></span> <span class='ocrx_word' id='word_1_171' title='bbox 1164 1463 1284 1504; x_wconf 90' lang='lat' dir='ltr'><em>locos</em></span> <span class='ocrx_word' id='word_1_172' title='bbox 1317 1461 1561 1518; x_wconf 81' lang='lat' dir='ltr'><em>inspiciens.</em></span> <span class='ocrx_word' id='word_1_173' title='bbox 1635 1460 1760 1504; x_wconf 91' lang='lat' dir='ltr'><em>Vnde</em></span> <span class='ocrx_word' id='word_1_174' title='bbox 1791 1475 1888 1503; x_wconf 91' lang='lat' dir='ltr'><em>cum</em></span> 
     </span>
     <span class='ocr_line' id='line_1_21' title="bbox 126 1531 1891 1594; baseline -0.004 -12"><span class='ocrx_word' id='word_1_175' title='bbox 126 1552 264 1594; x_wconf 88' lang='lat' dir='ltr'><em>pauca</em></span> <span class='ocrx_word' id='word_1_176' title='bbox 314 1538 358 1580; x_wconf 94' lang='lat' dir='ltr'><em>in</em></span> <span class='ocrx_word' id='word_1_177' title='bbox 404 1536 625 1594; x_wconf 84' lang='lat' dir='ltr'><em>Spengelii</em></span> <span class='ocrx_word' id='word_1_178' title='bbox 673 1534 1009 1591; x_wconf 77' lang='lat' dir='ltr'><em>transcriptione</em></span> <span class='ocrx_word' id='word_1_179' title='bbox 1054 1533 1368 1576; x_wconf 86' lang='lat' dir='ltr'><em>correxerimus</em></span> <span class='ocrx_word' id='word_1_180' title='bbox 1377 1531 1410 1590; x_wconf 83' lang='grc'><em>1)</em></span> <span class='ocrx_word' id='word_1_181' title='bbox 1456 1535 1586 1588; x_wconf 87' lang='lat' dir='ltr'><em>atque</em></span> <span class='ocrx_word' id='word_1_182' title='bbox 1629 1532 1891 1589; x_wconf 86' lang='lat' dir='ltr'><em>suppleveri-</em></span> 
     </span>
     <span class='ocr_line' id='line_1_22' title="bbox 123 1604 1891 1665; baseline -0.002 -13"><span class='ocrx_word' id='word_1_183' title='bbox 123 1623 239 1665; x_wconf 87' lang='lat' dir='ltr'><em>mus,</em></span> <span class='ocrx_word' id='word_1_184' title='bbox 286 1609 334 1652; x_wconf 89' lang='lat' dir='ltr'><em>in</em></span> <span class='ocrx_word' id='word_1_185' title='bbox 379 1608 630 1651; x_wconf 85' lang='lat' dir='ltr'><em>universum</em></span> <span class='ocrx_word' id='word_1_186' title='bbox 677 1606 1047 1662; x_wconf 84' lang='lat' dir='ltr'><em>confirmavimus,</em></span> <span class='ocrx_word' id='word_1_187' title='bbox 1091 1606 1208 1662; x_wconf 92' lang='lat' dir='ltr'><em>quod</em></span> <span class='ocrx_word' id='word_1_188' title='bbox 1252 1608 1295 1648; x_wconf 86' lang='lat' dir='ltr'><em>et</em></span> <span class='ocrx_word' id='word_1_189' title='bbox 1345 1605 1452 1647; x_wconf 88' lang='lat' dir='ltr'><em>alias</em></span> <span class='ocrx_word' id='word_1_190' title='bbox 1501 1606 1546 1647; x_wconf 89' lang='lat' dir='ltr'><em>et</em></span> <span class='ocrx_word' id='word_1_191' title='bbox 1594 1604 1640 1647; x_wconf 91' lang='lat' dir='ltr'><em>in</em></span> <span class='ocrx_word' id='word_1_192' title='bbox 1688 1607 1891 1660; x_wconf 88' lang='lat' dir='ltr'><em>postuma</em></span> 
     </span>
     <span class='ocr_line' id='line_1_23' title="bbox 125 1675 1890 1735; baseline -0.003 -11"><span class='ocrx_word' id='word_1_193' title='bbox 125 1680 313 1724; x_wconf 87' lang='lat' dir='ltr'><em>editione</em></span> <span class='ocrx_word' id='word_1_194' title='bbox 356 1681 430 1723; x_wconf 81' lang='lat' dir='ltr'><em>ille</em></span> <span class='ocrx_word' id='word_1_195' title='bbox 473 1680 649 1723; x_wconf 91' lang='lat' dir='ltr'><em>uberius</em></span> <span class='ocrx_word' id='word_1_196' title='bbox 691 1678 895 1735; x_wconf 82' lang='lat' dir='ltr'><em>probavit</em></span> <span class='ocrx_word' id='word_1_197' title='bbox 938 1677 1068 1734; x_wconf 85' lang='lat' dir='ltr'><em>praef.</em></span> <span class='ocrx_word' id='word_1_198' title='bbox 1107 1693 1148 1734; x_wconf 91' lang='lat' dir='ltr'><em>p.</em></span> <span class='ocrx_word' id='word_1_199' title='bbox 1187 1675 1356 1733; x_wconf 89' lang='lat' dir='ltr'><em>HIsqq.</em></span> <span class='ocrx_word' id='word_1_200' title='bbox 1401 1676 1551 1719; x_wconf 88' lang='lat' dir='ltr'><em>multis</em></span> <span class='ocrx_word' id='word_1_201' title='bbox 1594 1675 1704 1719; x_wconf 90' lang='lat' dir='ltr'><em>locis</em></span> <span class='ocrx_word' id='word_1_202' title='bbox 1743 1675 1890 1719; x_wconf 90' lang='lat' dir='ltr'><em>Victo-</em></span> 
     </span>
     <span class='ocr_line' id='line_1_24' title="bbox 125 1748 1891 1808; baseline -0.002 -12"><span class='ocrx_word' id='word_1_203' title='bbox 125 1754 238 1796; x_wconf 89' lang='lat' dir='ltr'><em>rium</em></span> <span class='ocrx_word' id='word_1_204' title='bbox 274 1753 445 1808; x_wconf 89' lang='lat' dir='ltr'><em>lapsum</em></span> <span class='ocrx_word' id='word_1_205' title='bbox 478 1765 570 1794; x_wconf 89' lang='lat' dir='ltr'><em>esse</em></span> <span class='ocrx_word' id='word_1_206' title='bbox 607 1750 804 1806; x_wconf 88' lang='lat' dir='ltr'><em>falsaque</em></span> <span class='ocrx_word' id='word_1_207' title='bbox 836 1752 1035 1792; x_wconf 85' lang='lat' dir='ltr'><em>enotasse</em></span> <span class='ocrx_word' id='word_1_208' title='bbox 1066 1749 1136 1792; x_wconf 87' lang='lat' dir='ltr'><em>vel</em></span> <span class='ocrx_word' id='word_1_209' title='bbox 1167 1748 1277 1791; x_wconf 91' lang='lat' dir='ltr'><em>nihil</em></span> <span class='ocrx_word' id='word_1_210' title='bbox 1314 1751 1500 1804; x_wconf 87' lang='lat' dir='ltr'><em>notasse,</em></span> <span class='ocrx_word' id='word_1_211' title='bbox 1539 1748 1615 1790; x_wconf 92' lang='lat' dir='ltr'><em>ubi</em></span> <span class='ocrx_word' id='word_1_212' title='bbox 1648 1749 1891 1805; x_wconf 87' lang='lat' dir='ltr'><em>discrepan-</em></span> 
     </span>
     <span class='ocr_line' id='line_1_25' title="bbox 125 1820 1888 1877; baseline -0.002 -9"><span class='ocrx_word' id='word_1_213' title='bbox 125 1825 211 1868; x_wconf 82' lang='lat' dir='ltr'><em>tiae</em></span> <span class='ocrx_word' id='word_1_214' title='bbox 243 1824 348 1868; x_wconf 88' lang='lat' dir='ltr'><em>satis</em></span> <span class='ocrx_word' id='word_1_215' title='bbox 379 1823 595 1867; x_wconf 88' lang='lat' dir='ltr'><em>notabiles</em></span> <span class='ocrx_word' id='word_1_216' title='bbox 627 1824 784 1866; x_wconf 84' lang='lat' dir='ltr'><em>essent.</em></span> <span class='ocrx_word' id='word_1_217' title='bbox 835 1820 987 1877; x_wconf 87' lang='lat' dir='ltr'><em>Itaque</em></span> <span class='ocrx_word' id='word_1_218' title='bbox 1025 1821 1072 1864; x_wconf 91' lang='lat' dir='ltr'><em>in</em></span> <span class='ocrx_word' id='word_1_219' title='bbox 1102 1821 1184 1863; x_wconf 88' lang='lat' dir='ltr'><em>hac</em></span> <span class='ocrx_word' id='word_1_220' title='bbox 1214 1823 1337 1876; x_wconf 86' lang='lat' dir='ltr'><em>parte</em></span> <span class='ocrx_word' id='word_1_221' title='bbox 1367 1835 1445 1877; x_wconf 87' lang='lat' dir='ltr'><em>per</em></span> <span class='ocrx_word' id='word_1_222' title='bbox 1469 1820 1537 1863; x_wconf 75' lang='lat' dir='ltr'><em>F⁹</em></span> <span class='ocrx_word' id='word_1_223' title='bbox 1568 1821 1803 1877; x_wconf 86' lang='lat' dir='ltr'><em>scripturas</em></span> <span class='ocrx_word' id='word_1_224' title='bbox 1835 1822 1888 1864; x_wconf 91' lang='lat' dir='ltr'><em>ab</em></span> 
     </span>
     <span class='ocr_line' id='line_1_26' title="bbox 126 1890 1891 1951; baseline -0.002 -12"><span class='ocrx_word' id='word_1_225' title='bbox 126 1896 202 1939; x_wconf 92' lang='lat' dir='ltr'><em>illo</em></span> <span class='ocrx_word' id='word_1_226' title='bbox 243 1895 480 1951; x_wconf 87' lang='lat' dir='ltr'><em>adscriptas</em></span> <span class='ocrx_word' id='word_1_227' title='bbox 522 1894 881 1951; x_wconf 82' lang='lat' dir='ltr'><em>significavimus,</em></span> <span class='ocrx_word' id='word_1_228' title='bbox 920 1908 998 1949; x_wconf 88' lang='lat' dir='ltr'><em>per</em></span> <span class='ocrx_word' id='word_1_229' title='bbox 1035 1890 1158 1951; x_wconf 57' lang='lat'>(1³⁰),</span> <span class='ocrx_word' id='word_1_230' title='bbox 1199 1892 1275 1935; x_wconf 91' lang='lat' dir='ltr'><em>ubi</em></span> <span class='ocrx_word' id='word_1_231' title='bbox 1317 1907 1370 1935; x_wconf 89' lang='lat' dir='ltr'><em>ex</em></span> <span class='ocrx_word' id='word_1_232' title='bbox 1407 1892 1578 1935; x_wconf 90' lang='lat' dir='ltr'><em>silentio</em></span> <span class='ocrx_word' id='word_1_233' title='bbox 1616 1893 1721 1935; x_wconf 90' lang='lat' dir='ltr'><em>satis</em></span> <span class='ocrx_word' id='word_1_234' title='bbox 1760 1892 1891 1936; x_wconf 87' lang='lat' dir='ltr'><em>dubia</em></span> 
     </span>
     <span class='ocr_line' id='line_1_27' title="bbox 126 1964 1890 2022; baseline -0.001 -12"><span class='ocrx_word' id='word_1_235' title='bbox 126 1967 293 2010; x_wconf 87' lang='lat' dir='ltr'><em>ratione</em></span> <span class='ocrx_word' id='word_1_236' title='bbox 338 1967 586 2010; x_wconf 86' lang='lat' dir='ltr'><em>efficiendae</em></span> <span class='ocrx_word' id='word_1_237' title='bbox 630 1968 788 2009; x_wconf 86' lang='lat' dir='ltr'><em>essent:</em></span> <span class='ocrx_word' id='word_1_238' title='bbox 840 1968 1031 2008; x_wconf 87' lang='lat' dir='ltr'><em>attamen</em></span> <span class='ocrx_word' id='word_1_239' title='bbox 1075 1965 1206 2007; x_wconf 86' lang='lat' dir='ltr'><em>simul</em></span> <span class='ocrx_word' id='word_1_240' title='bbox 1250 1964 1597 2021; x_wconf 86' lang='lat' dir='ltr'><em>apographorum</em></span> <span class='ocrx_word' id='word_1_241' title='bbox 1649 1965 1890 2022; x_wconf 88' lang='lat' dir='ltr'><em>discrepan-</em></span> 
     </span>
     <span class='ocr_line' id='line_1_28' title="bbox 126 2036 1889 2094; baseline 0 -14"><span class='ocrx_word' id='word_1_242' title='bbox 126 2039 210 2081; x_wconf 85' lang='lat' dir='ltr'><em>tias</em></span> <span class='ocrx_word' id='word_1_243' title='bbox 249 2053 358 2094; x_wconf 90' lang='lat' dir='ltr'><em>quae</em></span> <span class='ocrx_word' id='word_1_244' title='bbox 398 2038 444 2081; x_wconf 89' lang='lat' dir='ltr'><em>in</em></span> <span class='ocrx_word' id='word_1_245' title='bbox 482 2053 657 2082; x_wconf 85' lang='lat' dir='ltr'><em>censum</em></span> <span class='ocrx_word' id='word_1_246' title='bbox 694 2036 892 2080; x_wconf 85' lang='lat' dir='ltr'><em>venirent</em></span> <span class='ocrx_word' id='word_1_247' title='bbox 928 2036 1214 2092; x_wconf 85' lang='lat' dir='ltr'><em>respeximus,</em></span> <span class='ocrx_word' id='word_1_248' title='bbox 1258 2037 1478 2079; x_wconf 83' lang='lat' dir='ltr'><em>rarissime</em></span> <span class='ocrx_word' id='word_1_249' title='bbox 1516 2036 1710 2094; x_wconf 86' lang='lat' dir='ltr'><em>singulos</em></span> <span class='ocrx_word' id='word_1_250' title='bbox 1753 2038 1889 2080; x_wconf 89' lang='lat' dir='ltr'><em>libros</em></span> 
     </span>
     <span class='ocr_line' id='line_1_29' title="bbox 128 2108 1888 2166; baseline -0.001 -14"><span class='ocrx_word' id='word_1_251' title='bbox 128 2110 373 2165; x_wconf 83' lang='lat' dir='ltr'><em>afferentes,</em></span> <span class='ocrx_word' id='word_1_252' title='bbox 412 2109 487 2152; x_wconf 90' lang='lat' dir='ltr'><em>sed</em></span> <span class='ocrx_word' id='word_1_253' title='bbox 523 2111 777 2166; x_wconf 88' lang='lat' dir='ltr'><em>plerumque</em></span> <span class='ocrx_word' id='word_1_254' title='bbox 814 2108 1021 2150; x_wconf 87' lang='lat' dir='ltr'><em>lectiones</em></span> <span class='ocrx_word' id='word_1_255' title='bbox 1059 2108 1247 2150; x_wconf 81' lang='lat' dir='ltr'><em>diversas</em></span> <span class='ocrx_word' id='word_1_256' title='bbox 1285 2122 1362 2163; x_wconf 89' lang='lat' dir='ltr'><em>per</em></span> <span class='ocrx_word' id='word_1_257' title='bbox 1397 2108 1460 2150; x_wconf 83' lang='lat' dir='ltr'><em>vel</em></span> <span class='ocrx_word' id='word_1_258' title='bbox 1496 2108 1751 2164; x_wconf 88' lang='lat' dir='ltr'><em>particulam</em></span> <span class='ocrx_word' id='word_1_259' title='bbox 1792 2124 1888 2152; x_wconf 92' lang='lat' dir='ltr'><em>con·</em></span> 
     </span>
     <span class='ocr_line' id='line_1_30' title="bbox 127 2181 367 2240; baseline 0.004 -16"><span class='ocrx_word' id='word_1_260' title='bbox 127 2181 367 2240; x_wconf 86' lang='lat' dir='ltr'><em>iungentes.</em></span> 
     </span>
    </p>

    <p class='ocr_par' dir='ltr' id='par_1_8' title="bbox 128 2251 1892 2595">
     <span class='ocr_line' id='line_1_31' title="bbox 246 2251 1892 2309; baseline -0.001 -13"><span class='ocrx_word' id='word_1_261' title='bbox 246 2252 294 2296; x_wconf 91' lang='lat' dir='ltr'><em>In</em></span> <span class='ocrx_word' id='word_1_262' title='bbox 337 2252 517 2309; x_wconf 90' lang='lat' dir='ltr'><em>reliquis</em></span> <span class='ocrx_word' id='word_1_263' title='bbox 559 2252 756 2308; x_wconf 88' lang='lat' dir='ltr'><em>partibus</em></span> <span class='ocrx_word' id='word_1_264' title='bbox 798 2251 1012 2307; x_wconf 83' lang='lat' dir='ltr'><em>scriptura</em></span> <span class='ocrx_word' id='word_1_265' title='bbox 1053 2251 1144 2293; x_wconf 90' lang='lat' dir='ltr'><em>sine</em></span> <span class='ocrx_word' id='word_1_266' title='bbox 1185 2252 1310 2307; x_wconf 85' lang='lat' dir='ltr'><em>signo</em></span> <span class='ocrx_word' id='word_1_267' title='bbox 1351 2251 1394 2293; x_wconf 94' lang='lat' dir='ltr'><em>in</em></span> <span class='ocrx_word' id='word_1_268' title='bbox 1428 2254 1638 2307; x_wconf 88' lang='lat' dir='ltr'><em>apparatu</em></span> <span class='ocrx_word' id='word_1_269' title='bbox 1668 2252 1892 2307; x_wconf 88' lang='lat' dir='ltr'><em>proposita</em></span> 
     </span>
     <span class='ocr_line' id='line_1_32' title="bbox 128 2321 1891 2381; baseline -0.001 -13"><span class='ocrx_word' id='word_1_270' title='bbox 128 2326 198 2368; x_wconf 85' lang='lat' dir='ltr'><em>vel</em></span> <span class='ocrx_word' id='word_1_271' title='bbox 238 2325 284 2367; x_wconf 92' lang='lat' dir='ltr'><em>in</em></span> <span class='ocrx_word' id='word_1_272' title='bbox 324 2325 421 2381; x_wconf 92' lang='lat' dir='ltr'><em>ipso</em></span> <span class='ocrx_word' id='word_1_273' title='bbox 462 2326 668 2367; x_wconf 88' lang='lat' dir='ltr'><em>contextu</em></span> <span class='ocrx_word' id='word_1_274' title='bbox 707 2338 759 2367; x_wconf 90' lang='lat' dir='ltr'><em>ex</em></span> <span class='ocrx_word' id='word_1_275' title='bbox 792 2323 927 2380; x_wconf 87' lang='lat' dir='ltr'><em>signis</em></span> <span class='ocrx_word' id='word_1_276' title='bbox 961 2322 1129 2365; x_wconf 87' lang='lat' dir='ltr'><em>delendi</em></span> <span class='ocrx_word' id='word_1_277' title='bbox 1164 2322 1213 2379; x_wconf 94' lang='lat'><em>[]</em></span> <span class='ocrx_word' id='word_1_278' title='bbox 1246 2322 1314 2365; x_wconf 86' lang='lat' dir='ltr'><em>vel</em></span> <span class='ocrx_word' id='word_1_279' title='bbox 1345 2321 1529 2366; x_wconf 88' lang='lat' dir='ltr'><em>addendi</em></span> <span class='ocrx_word' id='word_1_280' title='bbox 1559 2322 1628 2378; x_wconf 84' lang='lat'><em>&lt;&gt;</em></span> <span class='ocrx_word' id='word_1_281' title='bbox 1660 2324 1891 2379; x_wconf 87' lang='lat' dir='ltr'><em>conspicua</em></span> 
     </span>
     <span class='ocr_line' id='line_1_33' title="bbox 129 2393 1890 2452; baseline -0.002 -12"><span class='ocrx_word' id='word_1_282' title='bbox 129 2396 288 2440; x_wconf 86' lang='lat' dir='ltr'><em>codicis</em></span> <span class='ocrx_word' id='word_1_283' title='bbox 318 2397 366 2440; x_wconf 89' lang='lat' dir='ltr'><em>F</em></span> <span class='ocrx_word' id='word_1_284' title='bbox 403 2399 486 2452; x_wconf 83' lang='lat' dir='ltr'><em>est,</em></span> <span class='ocrx_word' id='word_1_285' title='bbox 530 2410 660 2452; x_wconf 88' lang='lat' dir='ltr'><em>quam</em></span> <span class='ocrx_word' id='word_1_286' title='bbox 698 2395 774 2438; x_wconf 90' lang='lat' dir='ltr'><em>ubi</em></span> <span class='ocrx_word' id='word_1_287' title='bbox 806 2397 1020 2438; x_wconf 88' lang='lat' dir='ltr'><em>corrector</em></span> <span class='ocrx_word' id='word_1_288' title='bbox 1050 2408 1138 2436; x_wconf 92' lang='lat' dir='ltr'><em>non</em></span> <span class='ocrx_word' id='word_1_289' title='bbox 1170 2394 1341 2437; x_wconf 88' lang='lat' dir='ltr'><em>additus</em></span> <span class='ocrx_word' id='word_1_290' title='bbox 1382 2397 1448 2436; x_wconf 90' lang='lat' dir='ltr'><em>est</em></span> <span class='ocrx_word' id='word_1_291' title='bbox 1487 2393 1589 2436; x_wconf 89' lang='lat' dir='ltr'><em>Itali</em></span> <span class='ocrx_word' id='word_1_292' title='bbox 1629 2394 1674 2436; x_wconf 91' lang='lat' dir='ltr'><em>in</em></span> <span class='ocrx_word' id='word_1_293' title='bbox 1714 2409 1890 2451; x_wconf 89' lang='lat' dir='ltr'><em>apogra-</em></span> 
     </span>
     <span class='ocr_line' id='line_1_34' title="bbox 129 2465 1890 2524; baseline -0.002 -12"><span class='ocrx_word' id='word_1_294' title='bbox 129 2468 226 2524; x_wconf 86' lang='lat' dir='ltr'><em>phis</em></span> <span class='ocrx_word' id='word_1_295' title='bbox 264 2470 551 2511; x_wconf 80' lang='lat' dir='ltr'><em>correxenmt.</em></span> <span class='ocrx_word' id='word_1_296' title='bbox 626 2465 837 2510; x_wconf 87' lang='lat' dir='ltr'><em>Italorum</em></span> <span class='ocrx_word' id='word_1_297' title='bbox 876 2467 1147 2509; x_wconf 86' lang='lat' dir='ltr'><em>coniecturae</em></span> <span class='ocrx_word' id='word_1_298' title='bbox 1180 2466 1479 2522; x_wconf 80' lang='lat' dir='ltr'><em>scripturaque</em></span> <span class='ocrx_word' id='word_1_299' title='bbox 1510 2466 1687 2523; x_wconf 84' lang='lat' dir='ltr'><em>vulgata</em></span> <span class='ocrx_word' id='word_1_300' title='bbox 1718 2466 1793 2508; x_wconf 90' lang='lat' dir='ltr'><em>ubi</em></span> <span class='ocrx_word' id='word_1_301' title='bbox 1826 2482 1890 2510; x_wconf 91' lang='lat' dir='ltr'><em>ce-</em></span> 
     </span>
     <span class='ocr_line' id='line_1_35' title="bbox 129 2537 1890 2595; baseline -0.002 -12"><span class='ocrx_word' id='word_1_302' title='bbox 129 2539 302 2595; x_wconf 88' lang='lat' dir='ltr'><em>teroqui</em></span> <span class='ocrx_word' id='word_1_303' title='bbox 335 2539 732 2583; x_wconf 85' lang='lat' dir='ltr'><em>commemorandae</em></span> <span class='ocrx_word' id='word_1_304' title='bbox 763 2541 886 2582; x_wconf 89' lang='lat' dir='ltr'><em>erant</em></span> <span class='ocrx_word' id='word_1_305' title='bbox 928 2539 1028 2580; x_wconf 88' lang='lat' dir='ltr'><em>item</em></span> <span class='ocrx_word' id='word_1_306' title='bbox 1065 2553 1162 2581; x_wconf 89' lang='lat' dir='ltr'><em>raro</em></span> <span class='ocrx_word' id='word_1_307' title='bbox 1205 2537 1398 2595; x_wconf 80' lang='lat' dir='ltr'><em>singulos</em></span> <span class='ocrx_word' id='word_1_308' title='bbox 1432 2538 1600 2581; x_wconf 88' lang='lat' dir='ltr'><em>codices</em></span> <span class='ocrx_word' id='word_1_309' title='bbox 1631 2538 1890 2593; x_wconf 81' lang='lat' dir='ltr'><em>notavimus,</em></span> 
     </span>
    </p>
   </div>
   <div class='ocr_carea' id='block_1_4' title="bbox 30 2607 1889 2666">
    <p class='ocr_par' dir='ltr' id='par_1_9' title="bbox 30 2607 1889 2666">
     <span class='ocr_line' id='line_1_36' title="bbox 30 2607 1889 2666; baseline -0.002 -12"><span class='ocrx_word' id='word_1_310' title='bbox 30 2607 47 2630; x_wconf 46' lang='lat'><em>&#39;¹</em></span> <span class='ocrx_word' id='word_1_311' title='bbox 129 2611 203 2654; x_wconf 89' lang='lat' dir='ltr'><em>sed</em></span> <span class='ocrx_word' id='word_1_312' title='bbox 235 2625 259 2654; x_wconf 88' lang='lat' dir='ltr'><strong><em>v</em></strong></span> <span class='ocrx_word' id='word_1_313' title='bbox 279 2632 335 2646; x_wconf 93' lang='lat'><strong><em>=</em></strong></span> <span class='ocrx_word' id='word_1_314' title='bbox 355 2612 475 2666; x_wconf 80' lang='lat' dir='ltr'><em>vulyo</em></span> <span class='ocrx_word' id='word_1_315' title='bbox 501 2610 743 2654; x_wconf 85' lang='lat' dir='ltr'><em>addidimus</em></span> <span class='ocrx_word' id='word_1_316' title='bbox 769 2611 839 2653; x_wconf 85' lang='lat' dir='ltr'><em>vel</em></span> <span class='ocrx_word' id='word_1_317' title='bbox 869 2623 900 2652; x_wconf 89' lang='lat' dir='ltr'><em>c.</em></span> <span class='ocrx_word' id='word_1_318' title='bbox 927 2609 980 2651; x_wconf 83' lang='lat' dir='ltr'><em>al.</em></span> <span class='ocrx_word' id='word_1_319' title='bbox 1003 2630 1059 2644; x_wconf 94' lang='lat'><strong><em>=</em></strong></span> <span class='ocrx_word' id='word_1_320' title='bbox 1080 2623 1173 2652; x_wconf 81' lang='lat' dir='ltr'><em>cum</em></span> <span class='ocrx_word' id='word_1_321' title='bbox 1204 2609 1305 2653; x_wconf 82' lang='lat' dir='ltr'><em>aliis</em></span> <span class='ocrx_word' id='word_1_322' title='bbox 1336 2609 1570 2652; x_wconf 86' lang='lat' dir='ltr'><em>adicientes</em></span> <span class='ocrx_word' id='word_1_323' title='bbox 1601 2609 1766 2652; x_wconf 90' lang='lat' dir='ltr'><em>nomini</em></span> <span class='ocrx_word' id='word_1_324' title='bbox 1800 2623 1889 2652; x_wconf 89' lang='lat' dir='ltr'><em>cor-</em></span> 
     </span>
    </p>
   </div>
   <div class='ocr_carea' id='block_1_5' title="bbox 128 2679 1888 2878">
    <p class='ocr_par' dir='ltr' id='par_1_10' title="bbox 128 2679 1888 2878">
     <span class='ocr_line' id='line_1_37' title="bbox 128 2679 1888 2740; baseline -0.001 -15"><span class='ocrx_word' id='word_1_325' title='bbox 128 2682 308 2725; x_wconf 90' lang='lat' dir='ltr'><em>rectoris</em></span> <span class='ocrx_word' id='word_1_326' title='bbox 347 2682 688 2740; x_wconf 81' lang='lat' dir='ltr'><em>significavimus</em></span> <span class='ocrx_word' id='word_1_327' title='bbox 730 2681 844 2723; x_wconf 91' lang='lat' dir='ltr'><em>idem</em></span> <span class='ocrx_word' id='word_1_328' title='bbox 877 2680 1007 2723; x_wconf 90' lang='lat' dir='ltr'><em>etiam</em></span> <span class='ocrx_word' id='word_1_329' title='bbox 1040 2679 1086 2723; x_wconf 91' lang='lat' dir='ltr'><em>in</em></span> <span class='ocrx_word' id='word_1_330' title='bbox 1117 2679 1241 2722; x_wconf 89' lang='lat' dir='ltr'><em>libris</em></span> <span class='ocrx_word' id='word_1_331' title='bbox 1274 2680 1530 2736; x_wconf 87' lang='lat' dir='ltr'><em>quibusdam</em></span> <span class='ocrx_word' id='word_1_332' title='bbox 1564 2683 1742 2723; x_wconf 87' lang='lat' dir='ltr'><em>exstare.</em></span> <span class='ocrx_word' id='word_1_333' title='bbox 1806 2679 1888 2723; x_wconf 90' lang='lat' dir='ltr'><em>Sed</em></span> 
     </span>
     <span class='ocr_line' id='line_1_38' title="bbox 128 2751 1888 2810; baseline -0.002 -14"><span class='ocrx_word' id='word_1_334' title='bbox 128 2753 247 2810; x_wconf 86' lang='lat' dir='ltr'><em>parci</em></span> <span class='ocrx_word' id='word_1_335' title='bbox 278 2753 440 2796; x_wconf 80' lang='lat' dir='ltr'><em>fuimus</em></span> <span class='ocrx_word' id='word_1_336' title='bbox 473 2755 605 2796; x_wconf 89' lang='lat' dir='ltr'><em>etiam</em></span> <span class='ocrx_word' id='word_1_337' title='bbox 636 2753 681 2796; x_wconf 91' lang='lat' dir='ltr'><em>in</em></span> <span class='ocrx_word' id='word_1_338' title='bbox 714 2753 806 2795; x_wconf 90' lang='lat' dir='ltr'><em>eius</em></span> <span class='ocrx_word' id='word_1_339' title='bbox 832 2751 951 2794; x_wconf 90' lang='lat' dir='ltr'><em>modi</em></span> <span class='ocrx_word' id='word_1_340' title='bbox 977 2751 1236 2794; x_wconf 86' lang='lat' dir='ltr'><em>coniecturis</em></span> <span class='ocrx_word' id='word_1_341' title='bbox 1263 2751 1609 2807; x_wconf 82' lang='lat' dir='ltr'><em>correcturisque</em></span> <span class='ocrx_word' id='word_1_342' title='bbox 1635 2751 1888 2794; x_wconf 81' lang='lat' dir='ltr'><em>exhibendis</em></span> 
     </span>
     <span class='ocr_line' id='line_1_39' title="bbox 129 2822 1888 2878; baseline -0.002 -10"><span class='ocrx_word' id='word_1_343' title='bbox 129 2828 173 2868; x_wconf 88' lang='lat' dir='ltr'><em>et</em></span> <span class='ocrx_word' id='word_1_344' title='bbox 204 2825 248 2867; x_wconf 89' lang='lat' dir='ltr'><em>in</em></span> <span class='ocrx_word' id='word_1_345' title='bbox 281 2825 530 2868; x_wconf 88' lang='lat' dir='ltr'><em>criticorum</em></span> <span class='ocrx_word' id='word_1_346' title='bbox 564 2823 936 2868; x_wconf 85' lang='lat' dir='ltr'><em>emendationibus</em></span> <span class='ocrx_word' id='word_1_347' title='bbox 967 2822 1279 2866; x_wconf 89' lang='lat' dir='ltr'><em>exscribendis:</em></span> <span class='ocrx_word' id='word_1_348' title='bbox 1311 2822 1386 2865; x_wconf 92' lang='lat' dir='ltr'><em>ubi</em></span> <span class='ocrx_word' id='word_1_349' title='bbox 1419 2823 1462 2865; x_wconf 92' lang='lat' dir='ltr'><em>in</em></span> <span class='ocrx_word' id='word_1_350' title='bbox 1496 2826 1705 2878; x_wconf 86' lang='lat' dir='ltr'><em>apparatu</em></span> <span class='ocrx_word' id='word_1_351' title='bbox 1738 2826 1812 2865; x_wconf 91' lang='lat' dir='ltr'><em>aut</em></span> <span class='ocrx_word' id='word_1_352' title='bbox 1842 2824 1888 2865; x_wconf 91' lang='lat' dir='ltr'><em>in</em></span> 
     </span>
    </p>
   </div>
   <div class='ocr_carea' id='block_1_6' title="bbox 132 2932 381 2939">
    <p class='ocr_par' dir='ltr' id='par_1_11' title="bbox 132 2932 381 2939">
     <span class='ocr_line' id='line_1_40' title="bbox 132 2932 381 2939; baseline 0 401"><span class='ocrx_word' id='word_1_353' title='bbox 132 2932 381 2939; x_wconf 95' lang='lat' dir='ltr'><em> </em></span> 
     </span>
    </p>
   </div>
   <div class='ocr_carea' id='block_1_7' title="bbox 132 2973 1889 3142">
    <p class='ocr_par' dir='ltr' id='par_1_12' title="bbox 132 2973 1889 3142">
     <span class='ocr_line' id='line_1_41' title="bbox 252 2973 1889 3035; baseline -0.003 -9"><span class='ocrx_word' id='word_1_354' title='bbox 252 2992 287 3035; x_wconf 92' lang='lat'><em>1)</em></span> <span class='ocrx_word' id='word_1_355' title='bbox 312 2989 428 3026; x_wconf 87' lang='lat' dir='ltr'><em>Velut</em></span> <span class='ocrx_word' id='word_1_356' title='bbox 452 2994 516 3035; x_wconf 80' lang='lat'><em>43,</em></span> <span class='ocrx_word' id='word_1_357' title='bbox 538 2993 582 3026; x_wconf 84' lang='lat'><em>19</em></span> <span class='ocrx_word' id='word_1_358' title='bbox 614 2989 680 3025; x_wconf 90' lang='lat' dir='ltr'><em>ille</em></span> <span class='ocrx_word' id='word_1_359' title='bbox 704 2989 852 3025; x_wconf 83' lang='lat' dir='ltr'><em>notavit</em></span> <span class='ocrx_word' id='word_1_360' title='bbox 876 2973 1034 3033; x_wconf 38' lang='lat' dir='ltr'><em>facta&amp;</em></span> <span class='ocrx_word' id='word_1_361' title='bbox 1059 2987 1126 3024; x_wconf 87' lang='lat' dir='ltr'><em>ubi</em></span> <span class='ocrx_word' id='word_1_362' title='bbox 1151 2989 1293 3033; x_wconf 78' lang='lat' dir='ltr'><em>factum</em></span> <span class='ocrx_word' id='word_1_363' title='bbox 1318 2988 1435 3024; x_wconf 88' lang='lat' dir='ltr'><em>habet</em></span> <span class='ocrx_word' id='word_1_364' title='bbox 1460 2988 1607 3031; x_wconf 82' lang='lat' dir='ltr'><em>Laetus,</em></span> <span class='ocrx_word' id='word_1_365' title='bbox 1639 2989 1778 3032; x_wconf 79' lang='lat' dir='ltr'><em>factam</em></span> <span class='ocrx_word' id='word_1_366' title='bbox 1805 2998 1889 3022; x_wconf 91' lang='lat' dir='ltr'><em>cum</em></span> 
     </span>
     <span class='ocr_line' id='line_1_42' title="bbox 132 3048 436 3093; baseline 0 -9"><span class='ocrx_word' id='word_1_367' title='bbox 132 3049 265 3085; x_wconf 62' lang='lat' dir='ltr'><em>ceteris</em></span> <span class='ocrx_word' id='word_1_368' title='bbox 292 3049 362 3093; x_wconf 76' lang='lat' dir='ltr'><em>Fv,</em></span> <span class='ocrx_word' id='word_1_369' title='bbox 388 3048 436 3084; x_wconf 88' lang='lat' dir='ltr'><em>al.</em></span> 
     </span>
     <span class='ocr_line' id='line_1_43' title="bbox 1554 3106 1599 3142; baseline 0 -18"><span class='ocrx_word' id='word_1_370' title='bbox 1554 3106 1599 3142; x_wconf 56' lang='lat' dir='ltr'><em>ct</em></span> 
     </span>
    </p>
   </div>
  </div>
 </body>
</html>
