2144 3340
268 150 330 185 XII
948 150 1316 187 PROLEGOMENA

266 257 523 300 bibliotheca
562 258 812 301 monasterii
844 257 941 302 Ord.
974 259 1128 301 Bened.
1159 275 1199 301 n.
1233 259 1316 302 361
1352 261 1542 303 continet
1577 264 1744 316 praeter
1774 261 2004 318 Vegetium
2032 299 2037 302 .

263 332 306 372 ct
336 329 591 372 Frontinum
623 332 666 371 et
703 330 910 384 opuscula
941 330 1147 385 quaedam
1178 330 1321 372 Petri
1351 330 1567 373 Diaconi
1606 330 1743 388 (velut
1773 335 2002 382 tractatum

263 401 314 442 de
346 403 443 442 ortu
475 403 518 442 et
542 400 631 442 vita
662 400 874 443 iustorum
907 401 1102 443 coenobii
1128 397 1390 458 Casinensis)
1423 401 1711 458 fragmentum
1737 417 1789 445 ex
1812 392 1924 446 libro
1950 404 2004 446 de

260 470 287 514 1.
319 471 345 513 l.
371 471 412 514 V
443 473 468 524 ξ
493 471 670 514 41--56
712 473 959 527 excerptum
996 496 1043 501 —
1081 471 1196 526 quod
1236 472 1483 527 epitomes
1521 473 1694 515 nomine
1735 474 2006 531 significatur

261 542 375 596 apud
401 541 652 598 Spengelios
683 556 847 597 nosque
878 557 955 584 -ε
986 542 1037 584 de
1069 557 1153 597 quo
1187 556 1282 584 cum
1314 542 1400 584 iam
1430 542 1641 587 Iohannes
1667 543 1863 600 Baptista
1887 545 2000 588 Mor—

263 627 400 669 gagne
432 613 622 655 medicus
653 613 951 655 celeberrimus
978 613 1185 668 quaedam
1215 606 1452 668 prodiderit
1477 613 1716 671 (‘Raccolta
1742 614 1781 656 d'
1807 615 2006 671 opuscoli.

262 684 458 726 scientif.’
489 683 640 727 Venet.
671 687 702 726 t.
732 682 795 726 IV
827 699 866 739 p.
899 683 1050 740 3sqq.)
1085 709 1140 714 —
1173 685 1216 726 id
1257 685 1371 739 quod
1403 699 1427 726 a
1458 684 1630 728 Blumio
1670 685 1858 729 monitus
1890 701 2002 728 com-

261 755 526 797 memorabat
569 754 615 797 O.
642 754 823 797 Mueller
865 755 994 810 praef.
1033 771 1073 811 p.
1105 754 1211 797 XIII
1255 758 1297 797 et
1339 756 1384 797 in
1427 755 1521 799 adn.
1558 757 1610 798 ad
1643 756 1682 799 V
1713 758 1767 800 41
1813 758 2006 814 itemque>

260 826 307 869 L.
323 825 509 882 Spengel
538 827 565 868 1.
592 841 623 868 s.
650 841 679 868 s.
712 842 751 881 p.
777 826 870 868 440
898 829 941 868 et
970 825 1016 868 P.
1033 825 1163 868 Canal
1193 827 1322 882 praef.
1349 842 1389 882 p.
1409 826 1555 870 XXVI
1579 853 1650 882 —,
1673 830 1841 871 nescius
1873 828 2024 886 illius„

259 900 309 939 ut
339 897 521 953 videtur,
551 897 764 953 protraxit
794 897 848 939 H.
876 896 974 940 Keil
1013 897 1057 939 in
1088 897 1196 940 Mus.
1223 897 1357 940 Rhen.
1385 897 1447 940 VI
1479 896 1532 955 (a.
1568 897 1700 956 1848)
1742 915 1780 954 p.
1811 900 1896 942 142
1909 914 2004 956 sqq.

259 969 554 1023 edendumque
578 968 756 1011 tradidit
779 968 826 1011 L.
848 968 1033 1025 Spengel
1057 969 1102 1010 in
1129 968 1364 1011 Comment.
1391 970 1504 1012 acad.
1531 970 1681 1012 Bavar.
1702 969 1806 1013 VIII
1832 969 2000 1028 (1854).

260 1038 382 1089 Quod
422 1039 710 1096 fragmentum
752 1054 848 1082 cum
889 1040 974 1081 iam
1006 1039 1105 1082 Keil
1145 1040 1403 1083 concluserit
1443 1055 1494 1083 ex
1531 1042 1607 1084 illo
1646 1041 1750 1084 olim
1782 1040 2004 1085 Casinensi

257 1111 445 1166 fluxisse,
477 1110 520 1152 id
545 1110 591 1152 L.
608 1109 794 1166 Spengel
823 1111 851 1152 l.
878 1125 908 1153 s.
940 1126 981 1166 p.
1007 1110 1095 1153 434
1120 1111 1219 1154 inde
1251 1111 1532 1167 confirmavit,
1565 1112 1680 1167 quod
1710 1113 1756 1154 in
1775 1113 1822 1155 F
1842 1113 1896 1155 ad
1915 1112 2002 1155 VH

256 1184 282 1234 ξ
306 1181 376 1237 28,
416 1181 491 1224 ubi
525 1180 729 1225 Casinum
759 1193 914 1224 nomen
947 1184 1097 1238 exstat,
1137 1197 1288 1225 manus
1327 1183 1467 1237 prima
1506 1184 1551 1225 in
1582 1185 1774 1240 margine
1806 1184 2008 1239 adpinxit

256 1251 376 1294 NOT
401 1277 460 1282 —-
486 1252 530 1294 id
556 1253 671 1308 quod
703 1252 785 1295 hoc
816 1267 901 1295 11110
933 1253 1030 1296 1000
1064 1252 1261 1310 acciditl)
1294 1253 1504 1308 uniceque
1530 1254 1768 1309 explicatur
1793 1269 1844 1296 ex
1874 1253 2002 1297 libra-

255 1324 309 1365 rii
336 1322 579 1366 Casinensis
611 1324 859 1366 attentione.
909 1322 1000 1365 Iam
1032 1338 1192 1366 novum
1225 1325 1484 1380 tertiumque
1517 1328 1815 1382 argumentum
1840 1325 2006 1368 Loewii

255 1395 393 1437 nostri
435 1395 597 1436 notatis
640 1409 744 1437 usus
786 1395 982 1437 adiunxit
1024 1394 1155 1437 Goetz
1198 1396 1244 1438 in
1281 1395 1449 1445 Quaest.
1483 1396 1662 1438 Varron.
1708 1395 1852 1453 (Ienae
1886 1395 2000 1438 1886

255 1480 294 1520 p.
321 1464 384 1507 III
398 1463 497 1522 sq.):
524 1480 623 1507 nam
647 1466 787 1521 ipsum
815 1465 990 1508 Petrum
1004 1466 1249 1515 vDiaconum
1275 1466 1532 1510 monachum
1554 1466 1827 1510 Oasinensem
1852 1466 2000 1524 (quem

255 1539 423 1578 constat
455 1537 582 1578 etiam
602 1536 849 1579 Vitruvium
875 1537 926 1579 de
958 1538 1243 1580 architectura
1270 1537 1550 1593 Solinumque
1576 1538 1626 1582 de
1658 1539 1876 1581 miraculis
1907 1538 2000 1580 bre-

257 1608 412 1661 viasse,
453 1607 759 1650 astronomiam
801 1623 852 1650 ex
883 1608 1101 1651 veteribus
1142 1609 1378 1666 collegisse,
1417 1609 1576 1651 librum
1614 1612 1814 1652 notarum
1851 1608 2007 1665 ampli--

255 1679 405 1721 ficasse
436 1678 675 1720 adhibitum
710 1695 734 1721 a
759 1678 835 1721 Th.
862 1678 1105 1722 Mommsen
1136 1679 1220 1722 GL.
1251 1679 1316 1722 IV
1346 1696 1384 1735 p.
1412 1680 1498 1722 333
1514 1679 1628 1737 sqq.)
1660 1680 1851 1723 codicem
1884 1678 1999 1722 Casi-

255 1764 429 1792 nensem
469 1750 594 1791 illum
635 1749 869 1793 confecisse
909 1765 1007 1793 cum
1047 1750 1329 1806 probabiliter
1361 1751 1592 1794 coniecerit
1621 1750 1786 1805 Loewe,
1828 1750 2006 1802 accedit,

256 1821 369 1876 quod
402 1822 446 1862 in
483 1821 594 1863 libro
628 1821 756 1863 modo
788 1822 974 1863 excitato
1008 1821 1058 1863 de
1091 1824 1190 1863 ortu
1221 1825 1264 1864 et
1295 1822 1383 1864 vita
1414 1822 1627 1864 iustorum
1659 1822 1855 1864 coenobii
1887 1820 2002 1864 Casi-

254 1892 397 1934 nensis
430 1892 475 1934 in
506 1892 770 1947 praefatione
795 1892 909 1934 vitae
937 1891 977 1934 S.
994 1891 1138 1934 Severi
1169 1894 1404 1948 praemissa
1430 1892 1638 1947 quaedam
1665 1892 1922 1934 exhibentur
1947 1907 1999 1934 ex

252 1964 347 2005 loco
380 1962 586 2005 Varronis
618 1964 708 2018 illo,
747 1963 801 2004 ad
833 1978 960 2018 quem
990 1962 1109 2005 NOT
1141 1963 1404 2019 adscriptum
1447 1966 1527 2019 est3
1568 1963 1727 2006 ibidem
1759 1977 1859 2006 vero
1892 1977 2002 2018 quae

255 2037 425 2076 exstant
465 2035 518 2076 ad
559 2035 739 2076 eundem
779 2033 1017 2076 Varronem
1065 2034 1302 2089 spectantia
1343 2050 1394 2077 ex
1434 2034 1677 2089 Augustino
1718 2034 1899 2089 repetita
1940 2034 2005 2076 eis-

253 2105 357 2147 hacc
384 2106 546 2147 adiecta
566 2107 682 2147 sunt:
709 2106 757 2147 de
781 2105 926 2159 linqua
951 2120 1042 2148 vero
1068 2105 1203 2147 latina
1229 2106 1353 2147 libros
1377 2120 1519 2148 novem
1544 2106 1688 2160 edidit3
1714 2105 1788 2148 ubi
1812 2105 1913 2147 libri
1937 2103 2000 2146 IX

256 2177 459 2232 quoniam
497 2178 616 2219 nullo
649 2176 776 2219 modo
809 2176 862 2217 ad
898 2177 1034 2231 ipsius
1066 2175 1273 2219 Varronis
1311 2176 1465 2219 horum
1495 2177 1706 2218 librorum
1738 2174 2002 2232 011111οω0112)-

375 2271 408 2314 1)
435 2269 518 2304 Nisi
544 2280 759 2314 comparare
783 2269 850 2312 vis,
877 2269 977 2314 quod.
1003 2269 1051 2304 ad
1080 2273 1170 2313 13‚3
1187 2281 1239 2314 sq.
1268 2269 1320 2304 -R-
1349 2271 1407 2314 (=
1427 2269 1586 2313 require)
1613 2279 1794 2313 suprascr.
1821 2279 1869 2302 m.
1899 2272 1930 2312 1,
1955 2269 2005 2303 ut

254 2329 327 2363 vid.
355 2350 399 2354 —
427 2328 598 2364 Ceterum
624 2340 708 2364 cum
734 2328 799 2363 illo
825 2328 907 2364 loco
932 2330 1063 2363 notato
1090 2328 1286 2364 cohaerere
1305 2329 1481 2374 putamus
1501 2327 1603 2371 quod
1627 2327 1666 2362 in
1687 2327 1765 2362 cod.
1787 2326 1909 2362 Oasin.
1930 2330 1996 2361 257

255 2388 303 2422 ad
328 2387 506 2423 Varronis
541 2399 677 2423 nomen
703 2387 933 2433 adscriptum
968 2390 1039 2423 est:
1078 2388 1172 2423 ‘Hic
1197 2388 1236 2422 in
1262 2388 1387 2422 casino
1415 2386 1555 2422 scolam
1578 2386 1815 2432 philosophie
1840 2385 2002 2430 tenuit',

254 2457 350 2491 quae
375 2447 475 2482 fictio
496 2447 557 2481 vix
577 2447 732 2481 dubium
758 2449 815 2482 est
834 2446 924 2492 quin
945 2447 991 2481 ab
1013 2447 1143 2482 eodem
1162 2447 1271 2482 Petro
1291 2446 1456 2482 Diacono
1476 2445 1645 2491 profecta
1665 2445 1723 2480 sit.
1764 2445 1863 2480 Nam
1887 2444 1996 2480 illum

255 2505 441 2551 permulta
472 2506 521 2540 ad
551 2506 762 2551 augendam
793 2505 931 2541 Montis
965 2506 1091 2541 Casini
1124 2505 1263 2540 famam
1298 2505 1445 2539 finxisse
1471 2506 1633 2539 constat:
1672 2504 1717 2539 cf.
1744 2503 1995 2539 Wattenbach

257 2564 548 2601 ‘Deutschlands
575 2564 946 2609 Geschichtsquellen
971 2565 1023 2600 im
1047 2564 1283 2600 Mittelalter’
1310 2564 1343 2598 Π
1367 2576 1402 2610 p.
1425 2568 1492 2599 236
1507 2575 1586 2609 sqq.
1614 2563 1670 2599 ed.
1691 2563 1750 2598 VI.

375 2626 409 2669 2)
435 2624 565 2669 Nuper
591 2636 679 2659 sane
703 2624 791 2659 Itali
816 2624 1023 2659 doctissimi
1048 2623 1205 2659 Mercati
1231 2625 1269 2659 et
1292 2623 1470 2658 Bonfanti
1498 2623 1630 2658 ‘Rend.
1658 2623 1831 2658 dell'·Ist.
1851 2622 1999 2657 Lomb?

253 2683 325 2718 vol.
351 2683 448 2718 XLII
474 2686 521 2730 (a.
550 2686 654 2729 1909)
681 2696 716 2728 p.
745 2687 812 2718 316
827 2695 906 2728 sqq.
942 2683 1022 2729 (ubi
1057 2683 1170 2718 etiam
1204 2682 1341 2718 notitia
1376 2683 1422 2717 de
1448 2693 1522 2727 qua
1555 2683 1666 2717 modo
1693 2682 1853 2717 diximus
1879 2680 2000 2716 allata.

255 2744 324 2788 est)
345 2754 389 2777 ex
408 2743 530 2777 verbis
549 2742 774 2787 quibusdam
793 2742 894 2777 Petri
912 2742 1072 2778 Diaconi
1092 2742 1137 2777 de
1158 2742 1423 2777 commentario
1448 2742 1487 2776 in
1513 2741 1682 2787 regulam
1702 2740 1736 2776 S.
1750 2740 1789 2776 P.
1803 2739 1995 2775 Benedicti

254 2802 293 2837 in
320 2801 406 2837 Cod.
423 2801 544 2837 Oasin.
560 2805 627 2837 257
649 2802 855 2847 desumptis
882 2801 1102 2837 concludere
1122 2801 1318 2836 voluerunt
1342 2801 1493 2836 Petrum
1506 2800 1683 2836 Varronis
1711 2799 1772 2834 ‘de
1795 2799 1875 2834 iure
1896 2798 2000 2834 civili

254 2861 277 2895 l.
299 2861 381 2895 XV'
404 2873 448 2896 ex
472 2861 689 2906 Hieronymi
715 2861 886 2906 catalogo
913 2863 1020 2895 notos
1045 2860 1201 2895 novisse.
1242 2860 1314 2895 Sed
1337 2860 1437 2895 Ictus
1464 2860 1699 2896 doctissimus
1718 2858 1996 2894 Maximilianus

256 2919 392 2955 Conrat
406 2920 484 2964 (qui
504 2920 597 2954 haec
610 2919 717 2955 nobis
736 2919 930 2965 indicavit)
944 2919 1152 2954 luculenter
1166 2919 1396 2954 demonstrat
1408 2919 1559 2954 Petrum
1574 2918 1794 2964 simpliciter
1807 2917 1995 2952 Lactantii

255 2979 368 3013 verba
392 2979 479 3014 Inst.
507 2979 579 3014 div.
600 2979 616 3013 Ι
643 2983 675 3023 1,
702 2983 745 3014 12
770 2979 825 3013 ita
851 2978 1090 3024 expressisse,
1117 2980 1159 3013 ut
1185 2978 1362 3013 Varronis
1387 2989 1522 3014 nomen
1553 2977 1707 3013 inferret
1731 2987 1797 3022 pro
1826 2976 1994 3020 ‘quidam

254 3038 456 3082 prudentes
483 3039 521 3072 et
546 3037 678 3073 arbitri
704 3038 932 3082 aequitatis':
959 3037 1005 3072 cf.
1034 3037 1170 3072 εΖ80111·.
1198 3037 1222 3072 f.
1243 3037 1524 3084 Rechtsgesch.’
1550 3037 1652 3072 XXX
1675 3048 1711 3081 p.
1738 3038 1806 3069 412
1821 3046 1874 3079 sq.
