2176 3386
827 168 1210 207 ADNOTA'I'IONES
1810 165 1894 210 271

260 287 329 336 93,
352 287 418 326 12.
449 287 496 326 ut
521 285 591 336 qui
617 297 664 324 ac
689 296 769 335 qua.
793 296 836 324 re
861 295 925 324 ree
949 283 1063 324 utilis
1088 282 1139 322 ad
1158 282 1265 322 Ellis
1282 294 1325 331 Ρ.
1348 283 1432 322 361
1459 282 1599 321 lideris
1623 281 1761 321 melius
1785 281 1899 321 satis-

137 353 292 403 faciens
309 352 598 403 quampriores
617 348 682 401 (ut
701 362 726 390 a
745 362 826 401 quo.
844 361 887 389 re
906 362 970 390 res
989 348 1125 389 valida
1144 347 1196 387 ad
1214 347 1303 398 Sp.,·
1327 350 1374 387 ut
1392 348 1464 398 qui
1484 358 1663 398 quaeque
1683 358 1746 386 res
1765 346 1901 386 valeat

137 417 190 459 ad
208 412 372 472 Δ.8Ρ.),
395 418 608 457 εοηίοηίἰαο
632 428 751 466 quam
769 414 1047 466 praecedentia
1070 414 1252 454 indicant
1273 425 1354 453 non
1378 414 1506 463 mayis
1528 413 1790 462 satisfaciens.

259 483 327 532 93,
350 483 418 523 13.
452 481 513 531 Cf.
543 482 585 523 Ο.
599 482 649 521 F.
665 482 726 521 W.
741 481 913 522 Mueller
937 482 962 520 l.
987 492 1018 521 3.
1043 492 1074 519 s.
1093 492 1135 529 Ρ.
1159 480 1250 519 871
1260 493 1274 527 ,·
1298 481 1366 519 via:
1388 480 1601 528 zeuqmatis
1625 480 1759 528 fiqura
1784 479 1900 518 licen-

137 550 217 590 ms
239 548 416 589 adhibita
439 549 678 597 infinitivum
703 548 757 588 ad
781 546 1147 598 reprehendendum
1174 546 1321 585 trahas.

258 615 327 664 93,
349 615 416 655 20.
451 613 511 664 Of.
536 614 602 664 Sp.
621 626 665 664 Ρ.
692 613 863 653 XLIII.
895 609 1021 665 <se>d
1045 613 1106 651 ita.
1130 613 1178 650 ut
1203 612 1313 657 Mue,
1344 608 1470 664 <se>d
1496 612 1532 650 is
1556 613 1605 650 ut
1623 610 1774 659 A.Sp..·
1798 622 1900 660 quae

137 680 246 720 nuno
269 681 382 720 modo
414 681 621 730 sufficiunt
653 679 708 719 ad
733 691 837 730 quae
863 691 952 718 cum
987 677 1236 728 temporibus
1263 679 1357 716 sunt
1381 678 1595 716 coniuncta
1621 679 1654 715 et
1679 688 1782 727 quae
1807 688 1898 715 cum

136 745 200 786 his
224 746 307 786 sint
331 747 543 786 coniuncta
568 747 671 785 inter
694 757 736 784 se
760 744 1041 794 coniwnqenda.

262 819 331 868 94,
352 820 390 857 2.
421 817 646 868 Dadylicos
670 827 853 856 numeros
878 819 968 856 ante
993 815 1209 864 Bequiwm
1233 815 1370 854 statuit
1391 814 1577 865 Scabiqer.

136 919 139 922 ⁴
259 884 327 933 94,
349 885 387 922 4.
418 883 562 923 intuiti
576 885 612 923 et
623 883 822 923 attuimur
833 882 1076 921 servavimus
1090 892 1137 920 ea
1154 882 1307 920 ratione
1319 892 1439 930 quam
1456 892 1581 930 supra
1594 880 1668 930 (ad
1681 893 1723 929 Ρ.
1741 882 1808 926 61,
1825 880 1900 930 16)

137 949 456 1000 manavimus:
478 946 548 989 ubi
563 949 743 999 plerique
766 948 932 997 simplex
956 947 1117 986 verbum
1135 948 1397 986 restituerunt.
1439 959 1519 997 qua
1538 948 1583 985 at
1601 946 1753 985 tuimur
1770 946 1899 985 Lach-

137 1016 263 1055 mann
281 1014 335 1055 ad
354 1015 474 1054 Lucr.
497 1015 535 1054 V
553 1016 688 1054 1033:
712 1016 777 1054 cui
801 1015 1012 1053 assentitur
1033 1012 1181 1052 Vahlen
1200 1006 1329 1052 ΕΜ.)
1340 1024 1382 1062 Ρ.
1401 1013 1456 1051 99
1477 1011 1545 1062 (ef.
1564 1025 1607 1062 Ρ.
1624 1012 1835 1051 XXXIII
1843 1023 1899 1062 sq.

139 1080 294 1130 0L11).
329 1080 389 1131 ΟΥ.
414 1081 507 1120 Keil
532 1081 586 1120 ad
613 1080 728 1120 Varr.
754 1080 791 1120 d.
816 1092 851 1119 r.
874 1092 907 1118 r.
926 1091 970 1128 Ρ.
994 1079 1086 1127 539.

257 1154 327 1202 94,
347 1154 384 1192 7.
419 1152 480 1203 Cf.
499 1152 632 1202 Bequ
652 1152 790 1201 opusc.
810 1151 841 1190 I
847 1163 890 1201 Ρ.
914 1152 1011 1190 403.
1043 1153 1265 1202 saeptumst
1289 1147 1458 1202 <mai-e>
1477 1148 1527 1188 A.
1542 1149 1608 1199 ΕΡ.
1634 1170 1694 1178 -
1722 1149 1901 1189 Ceterum

135 1218 282 1258 Naevii
304 1230 359 1265 v.,
384 1230 498 1268 quem
522 1218 645 1258 Bothe
670 1218 841 1257 exhibuit
863 1217 965 1257 Poet.
991 1216 1051 1256 Sc.
1077 1217 1143 1256 lat.
1172 1216 1210 1256 V
1230 1217 1261 1256 2
1281 1228 1324 1266 Ρ.
1344 1217 1416 1262 27,
1440 1227 1563 1265 neque
1587 1215 1756 1255 Ribbeck
1779 1227 1901 1266 neque

136 1284 340 1324 Baehrens
366 1285 508 1334 recepit
531 1285 634 1323 inter
656 1284 880 1333 sraqmenta
903 1284 1067 1331 itemque
1093 1282 1341 1322 desideratur
1357 1283 1402 1322 in
1423 1282 1533 1321 Thes.
1554 1282 1578 1320 l.
1598 1282 1623 1320 l.
1643 1293 1674 1321 s.
1693 1294 1728 1321 v.
1750 1282 1901 1321 coneha

138 1344 200 1403 (at
225 1352 348 1390 exstat
371 1351 443 1389 sub
468 1344 682 1402 caerulus).

259 1423 328 1470 94,
350 1422 404 1461 13
419 1433 473 1471 sq.
515 1420 576 1471 Of.
602 1422 734 1472 Bergk
762 1420 899 1470 opusc.
926 1420 983 1459 II
996 1433 1040 1470 Ρ.
1067 1421 1162 1459 737
1188 1422 1223 1458 et
1248 1414 1404 1459 ‘Beitrss
1422 1432 1466 1469 Ρ.
1492 1420 1574 1467 22;
1599 1419 1754 1459 Iordan
1781 1416 1899 1459 ‘Krit

138 1484 279 1527 Beitr.’
298 1499 341 1537 Ρ.
365 1489 444 1535 90,·
471 1487 619 1527 Thulin
640 1484 748 1527 ‘Ital.
767 1498 868 1527 sacr.
881 1487 1015 1526 Poesie
1033 1498 1072 1525 u.
1085 1482 1227 1525 Prosa'
1241 1498 1284 1535 Ρ.
1309 1487 1365 1525 66
1376 1496 1430 1536 sq.
1447 1505 1492 1513 --
1512 1497 1602 1525 mea
1619 1485 1681 1524 ita
1692 1485 1759 1535 Sp.
1778 1486 1903 1526 meita

137 1554 391 1602 artificiosius
416 1555 567 1593 tutatur
578 1552 792 1593 Stowasser
803 1551 921 1592 Arch.
953 1552 1041 1591 VII
1055 1564 1097 1601 Ρ.
1120 1549 1217 1591 444.
1257 1553 1364 1590 meta.
1390 1551 1465 1600 (sie
1490 1551 1546 1590 ed.
1566 1564 1652 1600 pr„
1679 1551 1803 1598 Vertr,
1829 1552 1900 1598 al.)

139 1619 246 1659 Eme
270 1620 295 1658 l.
320 1631 350 1659 s.
375 1631 406 1659 3.
426 1632 470 1669 Ρ.
498 1620 587 1658 362
616 1630 705 1658 cwm
736 1619 817 1658 eod.
846 1618 967 1658 Vatie.
1000 1620 1090 1657 teste
1114 1616 1362 1657 Antonibono
1387 1629 1429 1666 Ρ.
1460 1618 1515 1656 93
1548 1612 1603 1671 (et
1631 1628 1722 1656 mox
1746 1618 1806 1657 bis
1831 1618 1899 1657 ob-

138 1680 298 1740 latera).

258 1758 326 1808 94,
348 1758 414 1796 14.
445 1756 514 1795 Ad
539 1757 723 1807 quirquir
747 1756 794 1804 cf.
822 1755 880 1794 Io.
900 1755 1074 1794 Schmidt
1096 1756 1141 1794 in
1164 1754 1319 1794 Kuhnii
1342 1754 1428 1794 Act.
1454 1754 1639 1793 XXXII
1650 1767 1693 1803 Ρ.
1716 1755 1805 1794 415
1817 1766 1898 1804 sqq.

259 1824 328 1872 94,
350 1824 416 1861 17.
448 1822 695 1862 contuitione
720 1822 883 1871 Maehly
908 1818 969 1860 (Ζ.
994 1821 1099 1860 Krit.
1125 1821 1191 1860 lat.
1215 1817 1344 1860 Texte'
1373 1821 1430 1860 ed.
1459 1833 1495 1860 a.
1525 1821 1643 1860 1886
1661 1833 1704 1869 Ρ.
1730 1821 1765 1860 5.

259 1889 328 1938 95,
348 1889 443 1938 4sq.
476 1885 579 1938 ‘fort
605 1887 706 1927 dicit
729 1887 993 1938 conspicione,
1019 1885 1134 1926 addit
1158 1884 1420 1926 cortumione’
1445 1885 1527 1935 Sp„
1551 1897 1631 1926 non
1655 1889 1774 1926 reete:
1797 1886 1900 1926 idem

147 1955 273 1994 Varro
306 1955 375 2004 qui
408 1956 526 1994 antea
558 1954 772 2002 formulam
804 1954 1014 2002 respiciens
1048 1953 1300 2004 conspiciens
1326 1953 1491 1998 dixerat,
1516 1953 1586 1992 hoc
1609 1953 1690 1992 loco
1725 1953 1900 2001 formula

138 2021 308 2070 neyleeta
329 2021 611 2069 yrammatieae
635 2019 880 2069 obtemperat.

261 2093 329 2142 95,
351 2093 418 2131 17.
458 2091 570 2131 Vocis
595 2090 700 2130 clam
722 2092 767 2130 in
784 2090 827 2128 F
841 2091 1008 2130 omissae
1030 2091 1235 2139 vestiqium
1258 2090 1326 2129 vix
1349 2093 1448 2130 recte
1466 2101 1636 2138 quaeras
1661 2090 1704 2128 in
1730 2090 1901 2129 eiusdem

138 2158 335 2207 scriptura
359 2157 491 2196 clavat
508 2167 587 2206 pro
612 2156 732 2196 cluet.

261 2223 330 2272 95,
353 2223 419 2262 19.
453 2221 514 2271 Cf.
540 2222 710 2271 Madviy
734 2220 836 2260 Adv.
862 2221 921 2259 II
933 2233 977 2270 Ρ.
1010 2223 1112 2261 172.
1146 2223 1218 2261 auh
1242 2221 1304 2260 dez
1328 2221 1395 2270 Sp.

261 2288 331 2338 96,
351 2289 389 2328 3.
421 2287 590 2327 dicimus
617 2283 754 2326 ‘vellet
777 2287 883 2326 tueri
902 2283 1056 2326 villam’
1077 2287 1182 2327 Ellis
1207 2288 1232 2326 l.
1252 2298 1282 2326 3.
1301 2298 1333 2327 3.
1351 2299 1394 2336 Ρ.
1417 2287 1515 2326 362.
1548 2286 1716 2326 dicimus
1736 2286 1897 2326 vilicum

140 2355 246 2394 tueri
264 2354 404 2393 villam
422 2351 659 2392 Antonibon.
699 2353 843 2392 Versus
865 2351 995 2391 Ovidii
1013 2353 1279 2392 demonstrant
1296 2352 1544 2403 scribendum
1563 2363 1643 2391 esse
1661 2353 1757 2392 duce
1776 2352 1900 2391 Laeto

141 2423 185 2459 ut
208 2420 495 2465 adnotavimus,
521 2421 563 2458 ut
581 2418 720 2458 villam
740 2429 817 2468 pro
841 2418 922 2457 bell
947 2418 977 2457 ὦ
1003 2421 1182 2468 corrupto
1207 2421 1433 2468 temptatum
1457 2419 1520 2464 sit,
1546 2430 1635 2476 cum
1660 2430 1679 2458 e
1704 2419 1900 2458 contrario

134 2496 399 2535 perversaque
422 2486 575 2524 ratione
600 2480 700 2536 [bell
726 2480 785 2536 et]
810 2485 916 2523 tueri
941 2483 1081 2523 villam
1104 2485 1304 2534 scripserit
1319 2483 1370 2523 A.
1383 2483 1450 2533 Sp.

263 2557 332 2606 96,
353 2557 390 2595 4.
428 2556 591 2596 Lucreti
614 2568 649 2595 v.
678 2556 742 2595 VI
765 2556 880 2595 1228
907 2551 1028 2609 (caeli
1057 2556 1210 2606 templa
1235 2551 1367 2610 tuere)
1401 2559 1435 2595 et
1463 2558 1553 2595 127
1559 2557 1584 2595 5
1611 2551 1898 2610 (aedituentes)

142 2624 289 2671 confert
322 2622 579 2661 Reitzenstein
605 2618 883 2670 ‘Strassburqer
907 2618 1114 2661 Festschr.'
1143 2634 1186 2671 Ρ.
1216 2622 1312 2661 159.
1339 2643 1398 2649 -
1426 2621 1486 2671 Cf.
1521 2621 1684 2661 Skutsch
1711 2619 1898 2661 ‘Plautia

144 2701 179 2727 u.
207 2684 391 2727 Roman.'
411 2699 455 2736 Ρ.
474 2688 535 2726 ,22
560 2682 627 2740 (de
652 2687 880 2726 aeditumus
904 2689 940 2727 et
964 2683 1181 2742 aedituus).

265 2753 332 2803 96,
355 2754 421 2792 14.
462 2752 601 2803 spoliis
634 2764 722 2792 cum
746 2754 813 2792 vizo
846 2753 1021 2802 quadret,
1054 2754 1221 2801 fortasse
1245 2756 1372 2792 ortum
1398 2755 1454 2792 est
1486 2765 1531 2792 ex
1555 2753 1818 2803 dittoyraphia
1842 2764 1899 2791 se-

142 2820 294 2868 quentis
312 2818 440 2869 polus,
464 2821 507 2856 ut
526 2817 677 2857 dudum
694 2817 869 2867 Scaliqer
885 2819 1043 2858 com'ecit
1067 2818 1172 2869 bigis
1192 2815 1450 2870 continui<s>
1468 2815 1592 2871 se<x>
1612 2818 1697 2868 apti
1718 2814 1900 2869 s<ignis>

142 2885 359 2933 corrigens:
376 2886 467 2932 post
490 2895 603 2932 quem
627 2884 730 2933 quod
754 2885 836 2932 fere
860 2894 991 2923 omnes
1014 2886 1162 2932 recepto
1187 2884 1387 2923 continuis
1412 2896 1479 2923 sex
1505 2896 1594 2924 cum
1618 2884 1769 2932 Popma
1794 2882 1899 2922 binis
1968 2928 1971 2931 ‚

136 2961 214 2999 pro
248 2948 353 3000 bigis
380 2949 659 2998 probaverunt,
693 2951 791 2988 certe
813 2950 1021 2994 miramur,
1053 2961 1142 2988 cum
1172 2949 1233 2988 bis
1258 2961 1344 2995 sex,
1375 2948 1436 2988 bis
1462 2949 1568 2988 senis
1593 2949 1759 2993 dicatur,
1786 2961 1898 2987 num·

143 3026 263 3064 quam
287 3025 376 3054 vero
398 3013 505 3054 binis
531 3027 608 3054 sex.
652 3013 813 3054 Accedit
841 3014 945 3063 quod
977 3015 1168 3054 Varronis
1200 3015 1463 3064 fraqmentum
1493 3015 1584 3062 (sat.
1616 3015 1795 3063 Menipp.
1822 3014 1899 3058 92)

137 3082 228 3129 post
245 3079 436 3128 Popmam
452 3082 550 3120 recte
574 3080 624 3119 ab
649 3080 828 3120 omnibus
853 3080 1070 3119 adhibitum
1094 3079 1183 3128 (etsi
1207 3080 1332 3119 variis
1351 3081 1580 3119 coniecturis
1600 3091 1641 3119 eo
1660 3079 1775 3119 abusi
1800 3078 1898 3124 sint)
