2144 3340
786 648 1247 700 PRAEFATIO

258 767 368 811 Casu
393 767 483 811 fere
507 768 669 810 factum
694 770 772 823 est,
797 770 847 811 ut
869 767 1120 812 societatem
1146 766 1200 809 ad
1224 766 1428 810 Plautum
1453 766 1760 810 recensendum
1788 766 1894 810 olim

136 854 163 883 a
191 838 483 883 Rrrscnnmo
514 842 790 896 praeceptore
821 838 1103 883 dilectissimo
1135 839 1326 882 iunctam
1359 838 1414 881 ad
1432 837 1643 882 Varronis
1673 838 1809 882 libros
1841 838 1894 881 de

136 910 286 970 lingua
323 910 460 955 latina
498 911 839 954 transferremus.
901 909 1015 953 Nam
1048 924 1147 954 cum
1186 909 1295 953 alter
1325 913 1522 954 nostrum
1553 909 1817 967 bibliopolae
1849 924 1895 952 se

135 983 190 1027 ad
229 983 463 1027 editionem
502 982 792 1026 bibliothecae
822 981 1145 1025 Teubnerianae
1186 981 1456 1025 inserendam
1498 982 1739 1039 obtulisset,
1782 995 1895 1025 com-

135 1055 248 1112 perit
279 1055 331 1098 de
361 1055 443 1098 hac
474 1068 520 1097 re
550 1054 590 1098 ei
621 1054 751 1097 modo
783 1053 1033 1097 convenisse
1064 1068 1163 1098 cum
1195 1053 1341 1097 altero.
1393 1053 1518 1098 Vnde
1549 1053 1895 1097 communionem

136 1128 182 1170 in
212 1127 296 1170 hoc
327 1141 499 1183 quoque
530 1126 706 1183 negotio
737 1125 846 1169 inire
877 1125 1059 1181 placuit:
1089 1139 1230 1181 neque
1261 1125 1406 1183 piguit
1435 1140 1514 1169 nos
1545 1125 1648 1169 novi
1679 1125 1894 1168 amicitiae

138 1197 395 1254 documenti,
435 1198 516 1241 etsi
555 1197 672 1240 haud
710 1197 860 1253 paucis
903 1197 955 1239 de
995 1197 1103 1240 locis
1135 1198 1291 1240 acriter
1330 1197 1444 1240 inter
1474 1211 1554 1240 nos
1594 1197 1895 1254 pugnavimus,

137 1270 274 1314 donec
315 1273 391 1313 aut
430 1270 539 1312 alter
582 1268 708 1320 alteri
751 1268 919 1312 cederet
962 1271 1040 1312 aut
1082 1283 1240 1312 novam
1284 1269 1461 1312 omnino
1507 1269 1756 1325 opinionem
1797 1283 1894 1311 con-

137 1341 377 1397 ciperemus
407 1343 496 1385 aut
541 1340 729 1383 admisso
776 1341 897 1383 ‘non-
928 1339 1090 1395 liquet'
1134 1340 1180 1382 in
1224 1339 1365 1383 medio
1409 1355 1500 1383 rem
1542 1340 1893 1397 relinqueremus.

136 1412 289 1470 Neque
330 1413 595 1470 distinguere
624 1411 842 1454 voluimus
882 1411 997 1454 inter
1036 1412 1261 1467 utriusque
1302 1412 1540 1468 conamina,
1581 1426 1667 1468 quo
1705 1412 1894 1468 apertius

136 1484 369 1541 prodamus
408 1483 520 1528 nihil
560 1498 638 1526 nos
678 1484 888 1539 posuisse,
930 1483 1047 1539 quod
1085 1498 1174 1526 non
1205 1483 1351 1539 aliquo
1383 1484 1513 1527 modo
1555 1484 1727 1527 admitti
1767 1498 1893 1540 posse

136 1556 430 1607 concedamus,
456 1556 669 1611 simulque
688 1557 739 1598 ut
763 1555 951 1598 inventis
976 1555 1327 1611 inventionisque
1350 1554 1471 1598 laudi
1496 1570 1577 1598 nos
1603 1570 1691 1598 non
1710 1556 1893 1599 nimium

135 1628 325 1671 tribuere
357 1628 661 1685 significemus.

256 1699 339 1743 Sed
377 1699 676 1757 progrediente
713 1699 891 1756 negotio
923 1715 949 1742 a
979 1699 1286 1756 recognitione,
1324 1699 1376 1742 de
1409 1714 1494 1755 qua
1525 1699 1579 1741 ab
1611 1698 1739 1743 im'tio
1780 1702 1894 1742 uter-

137 1786 220 1827 que
263 1772 546 1829 cogitaverat,
589 1772 644 1814 ad
686 1771 896 1814 maiorem
939 1771 1172 1814 editionem
1217 1772 1449 1814 curandam
1493 1771 1690 1827 provecti
1733 1786 1892 1814 sumus.

134 1842 249 1886 Nam
281 1846 325 1887 et
355 1858 467 1886 nova
499 1843 657 1886 codicis
688 1843 968 1886 Laurentiani
998 1843 1230 1886 collatione
1262 1857 1371 1899 opus
1403 1858 1495 1886 esse
1526 1842 1818 1886 intelleximus
1851 1846 1894 1885 et

137 1916 322 1958 multum
363 1915 503 1958 iuvari
533 1914 764 1958 verborum
805 1917 897 1958 tam
938 1915 1342 1970 interpretationem
1374 1930 1504 1971 quam
1536 1915 1893 1958 constitutionem

138 1986 364 2042 adscriptis
397 1986 706 2029 ‘testimoniis’z
739 1987 818 2030 sub
851 2001 937 2042 quo
968 1987 1145 2030 nomine
1171 1980 1576 2042 comprehendimus
1600 2001 1691 2029 non
1721 1989 1891 2029 tantum

138 2058 258 2101 locos
283 2072 308 2099 a
333 2058 618 2114 scriptoribus
644 2057 815 2101 disertis
841 2058 984 2101 verbis
1010 2073 1062 2101 ex
1082 2057 1277 2101 Varrone
1310 2057 1540 2111 exhibitos,
1566 2058 1642 2114 qui
1667 2058 1893 2114 pauciores

137 2131 256 2184 sunt,
293 2143 441 2172 verum
480 2130 610 2172 etiam
654 2129 847 2173 locorum
885 2129 1189 2185 parallelorum
1227 2132 1356 2185 atque
1394 2129 1670 2185 ὁμοιοτήτων
1706 2130 1893 2185 copiam3

136 2199 212 2243 ubi
251 2201 424 2257 potiora
463 2201 767 2256 excerpsimus,
805 2201 972 2256 reliqua
1011 2203 1182 2244 tantum
1222 2201 1518 2244 indicavimus.
1578 2199 1732 2257 Neque
1773 2200 1894 2244 dubi·

136 2274 289 2327 tamus,
328 2273 434 2328 quin
477 2276 544 2316 sat
586 2273 724 2316 multa
766 2272 867 2315 huic
909 2273 1136 2329 apparatui
1180 2272 1279 2315 addi
1322 2274 1503 2328 possint,
1546 2286 1645 2315 cum
1683 2287 1779 2315 sero
1824 2273 1892 2315 his

136 2344 395 2387 testimoniis
429 2344 731 2400 conquirendis
763 2358 937 2400 operam
965 2344 1219 2387 dederimus.
1270 2343 1354 2388 Sed
1379 2344 1448 2387 vel
1478 2344 1542 2387 sic
1573 2344 1759 2387 multum
1792 2344 1891 2387 inde

137 2428 183 2458 se
212 2414 370 2458 lucrari
401 2430 528 2472 posse
559 2416 683 2459 facile
714 2416 938 2472 intelleget
964 2416 1039 2472 qui
1069 2417 1188 2459 locos
1214 2415 1373 2471 quibus
1400 2416 1454 2459 ad
1487 2415 1769 2459 ‘testimonia’
1795 2430 1892 2472 pro-

137 2486 385 2530 vocavimus
426 2502 524 2530 cum
564 2487 758 2544 priorum
790 2487 1044 2531 commentis
1086 2488 1416 2544 comparaverit:
1458 2503 1481 2530 e
1513 2502 1697 2543 quorum
1734 2501 1892 2544 magno

136 2572 315 2601 numero
347 2573 433 2601 non
464 2573 600 2615 pauca
631 2558 829 2602 consulto
856 2559 1093 2615 omisimus,
1125 2573 1235 2614 quae
1260 2573 1313 2601 ex
1338 2558 1536 2602 uberiore
1564 2558 1892 2616 Spengeliorum

138 2633 348 2686 apparatu
392 2630 575 2674 adscisci
615 2631 796 2687 possint.
858 2630 1056 2686 Denique
1097 2632 1139 2673 et
1180 2630 1499 2687 prolegomenis
1540 2630 1811 2673 uberioribus
1850 2632 1893 2671 et

139 2700 494 2744 adnotationibus
520 2702 733 2745 adiunctis
760 2704 803 2745 et
828 2701 1043 2745 indicibus
1070 2702 1208 2745 auctis
1235 2701 1450 2757 pauloque
1470 2702 1595 2745 aliter
1615 2701 1894 2745 conformatis
1936 2699 1943 2707 ’

138 2786 246 2828 opus
277 2787 369 2815 esse
399 2773 660 2829 putavimus,

257 2843 541 2900 Reliquorum
562 2844 771 2888 Varronis
790 2845 1049 2902 scriptorum
1073 2845 1451 2902 grammaticorum
1479 2845 1720 2901 fragmenta
1740 2844 1893 2886 addere

137 2928 234 2957 cum
266 2914 321 2957 ab
352 2915 479 2958 initio
511 2916 874 2972 constituerimus,
915 2931 1002 2959 non
1034 2915 1278 2959 destitimus
1310 2916 1364 2958 ab
1406 2916 1489 2959 hoc
1520 2915 1714 2971 consilio,
1746 2930 1892 2970 quam-

139 2999 269 3040 quam
301 2989 344 3029 et
374 2986 573 3030 Funaioli
610 2987 783 3030 interim
815 2988 922 3030 haec
951 2988 1133 3030 inseruit
1164 2987 1376 3030 volumini
1408 2987 1542 3042 priori
1578 2986 1891 3029 Grammaticae
