2176 3386
0 694 5 721 -=
0 477 9 657 ντ--ν-ιν-τι
0 405 5 430 π-
0 355 3 358 v

846 163 1226 207 ADNOTATIONES
1825 170 1911 213 281

283 284 380 334 133,
402 285 458 325 10
469 295 525 334 sq.
569 283 629 332 Cf.
655 252 767 324 'idem
793 295 836 333 p.
866 283 921 323 54
947 284 1039 324 adn.
1069 285 1106 323 1.
1141 304 1199 311 —
1233 282 1431 335 grabattis
1455 285 1692 333 scripturam
1716 283 1918 324 noluimus

159 361 248 390 mm
265 361 290 390 v
309 350 517 390 obscurare
523 362 539 398 ,·
569 350 617 400 cs.
630 352 792 399 praeter
810 361 856 389 ea
877 350 1050 399 exmpla
1070 360 1171 399 quac
1189 350 1391 390 adnotavit
1408 349 1535 389 Marx
1552 349 1606 389 ad
1625 349 1755 389 Lucil.
1774 362 1809 390 v.
1825 349 1914 389 251

163 414 247 456 Μ.
270 427 301 456 s.
327 427 362 455 υ.

281 488 380 537 134,
401 488 439 527 9.
484 486 604 538 Quem
629 486 684 527 ad
706 487 742 526 Ῑι.
769 499 803 526 v.
842 487 1125 536 adscripsimus
1161 487 1287 526 locum
1324 486 1513 532 Charisii,
1548 487 1648 526 Mne
1680 499 1768 526 eum
1801 497 1919 537 eoque

163 552 294 595 canat
327 553 381 593 ad
414 553 600 593 lacunam
628 555 719 603 post
742 550 771 603 5
797 554 855 592 48
878 553 971 592 libri
1003 554 1100 592 noni
1132 553 1381 592 statuendam
1406 553 1600 598 adhibent,
1624 554 1745 592 nimis
1768 554 1919 592 incerta

161 620 323 659 ratione.
363 618 473 658 Nam
505 630 628 668 neque
652 619 699 658 de
731 619 821 668 ipsa
854 618 999 658 lacuna
1024 620 1172 658 constat
1194 630 1317 668 neque
1345 618 1519 658 Charisii
1543 619 1662 658 verba
1687 630 1733 658 ex
1764 619 1849 664 illa,
1883 619 1920 658 si

158 684 259 734 forte
282 686 371 734 fuit,
397 684 617 725 derivanda
642 695 723 724 esse
746 685 1006 724 demonstrari
1023 686 1160 733 potest,
1196 695 1296 733 quae
1319 696 1369 724 ne
1393 685 1448 724 ad
1480 686 1587 734 ipsos
1611 685 1766 734 quidem
1798 684 1922 724 libros

160 750 208 790 dc
231 750 256 790 l.
283 751 307 790 l.
332 753 432 790 certo
455 751 600 790 indicio
623 750 860 799 reseruntur,
879 752 1065 799 poterant
1087 761 1177 789 vero
1202 750 1381 790 liberiore
1404 751 1517 789 modo
1542 751 1602 789 vel
1627 762 1672 789 esc
1689 751 1826 799 priore
1849 750 1921 789 illo

161 816 240 856 loco
262 816 430 856 hauriri.

283 889 382 938 134,
403 890 469 928 10.
512 888 575 928 De
599 887 863 928 Athenaeitae
900 889 1042 937 coyitat
1069 887 1159 937 Sp:
1193 889 1261 937 qui
1292 887 1423 927 debuit
1452 887 1669 926 Athenitae
1706 888 1921 927 secundum

161 954 497 1004 Dittenberyerum
520 954 656 994 Herm.
685 954 797 993 XLI
817 952 974 1003 (1906)
992 967 1036 1003 p.
1065 955 1163 999 189,
1186 957 1224 993 1.

285 1021 382 1066 134,
404 1022 458 1060 12
472 1032 526 1070 sq.
567 1020 661 1059 Non
684 1022 783 1059 recte
807 1019 906 1059 Mus
932 1019 1114 1070 (itemque
1137 1019 1223 1069 Sp.)
1248 1019 1324 1060 secl
1349 1019 1398 1059 ab
1424 1019 1614 1059 solvendo
1639 1031 1727 1059 cum
1750 1018 1845 1068 Auy
1870 1019 1921 1059 ab

163 1085 231 1126 luo
256 1081 461 1139 [ab]luam
486 1086 676 1126 scribens:
706 1098 801 1125 nam
826 1084 877 1124 ab
903 1085 1094 1126 solvendo
1120 1081 1208 1139 (luo
1232 1080 1363 1140 luam)
1395 1085 1601 1135 respondet
1625 1085 1789 1125 Saturni
1816 1081 1923 1139 (Lua

162 1145 332 1206 Luam):
356 1152 405 1201 ef.
428 1153 496 1196 61,
524 1153 578 1191 14
604 1152 733 1201 ibique
757 1151 997 1191 adnotatata.

287 1224 384 1272 134,
408 1224 474 1262 13.
505 1224 670 1262 nomina.
695 1224 736 1262 et
753 1222 890 1263 virilia
913 1234 963 1262 ne
986 1224 1217 1269 scribamus,
1242 1223 1515 1263 multitudinis
1538 1225 1737 1272 yenetivus
1762 1222 1924 1262 additus

156 1289 364 1339 prohibere
386 1289 548 1328 videtur.

287 1355 385 1404 134,
406 1356 472 1394 17.
508 1353 569 1404 Cf.
587 1354 729 1394 Plauti·
748 1355 804 1394 ed.
829 1355 925 1394 min.
945 1355 978 1393 I
988 1366 1032 1403 p.
1054 1355 1222 1394 XVIII
1242 1355 1295 1394 acl
1319 1356 1454 1394 testim.
1482 1355 1607 1400 VIII,
1632 1355 1702 1394 ubi
1724 1355 1923 1404 siqnifica-

164 1421 292 1459 vimus
315 1431 396 1460 non
419 1431 517 1469 opus
543 1431 623 1459 esse
646 1421 682 1460 Ῑι.
708 1419 732 1460 l.
758 1421 997 1467 coniecturis,
1022 1421 1156 1470 quales
1180 1422 1259 1461 viri
1283 1421 1385 1460 docti
1409 1421 1518 1460 haud
1534 1432 1691 1470 paucas
1709 1431 1925 1470 proposuc-

165 1487 270 1532 runt,
305 1497 393 1526 cum
424 1486 551 1526 Varro
585 1486 705 1525 obiter
737 1486 941 1526 adumbret
973 1498 1055 1525 rem
1079 1487 1173 1526 aliis
1206 1487 1300 1526 locis
1325 1487 1487 1536 plenius
1523 1488 1763 1532 enarratam,
1788 1485 1926 1525 Plauti

165 1563 306 1592 nomen
341 1552 604 1591 clarissimum
641 1553 848 1601 confusum
884 1563 964 1592 esse
1000 1563 1087 1591 omn
1111 1552 1172 1591 M.
1191 1553 1350 1592 Plautio
1379 1555 1499 1602 poeta
1529 1553 1748 1592 obscuriore
1786 1547 1925 1606 (huius

165 1617 303 1657 Plauti
329 1617 451 1656 etiam
475 1617 603 1656 Marci
628 1619 688 1656 est
713 1617 783 1668 qui
807 1619 867 1657 est
891 1612 1111 1672 Plautius).

289 1690 387 1738 135,
408 1690 445 1728 6.
485 1689 806 1738 Breviloquentia
841 1690 944 1729 male
977 1691 1135 1739 scripsit
1169 1690 1296 1729 Varro
1321 1691 1551 1730 contrahens
1581 1690 1685 1729 velut
1717 1691 1764 1728 ut
1788 1689 1925 1728 album

166 1752 244 1808 <ut
276 1751 486 1807 dicamus>
510 1766 594 1794 esse
618 1754 820 1806 Aethiopa
844 1768 924 1794 non
949 1755 1048 1795 satis
1075 1757 1136 1795 est
1159 1755 1219 1795 vel
1242 1756 1411 1804 fortasse
1434 1757 1537 1795 male
1561 1758 1712 1795 vertens
1746 1752 1800 1802 ὡς
1825 1754 1926 1807 πρὸς

168 1819 212 1861 τὸ
236 1819 379 1861 λευκὸν
403 1815 506 1860 εἶναι
525 1819 709 1860 Αἰθίοπα
734 1815 820 1873 οὐχ’
848 1819 990 1861 ἱκανόν
1014 1819 1121 1861 ἐστιν
1144 1820 1188 1861 τὸ
1213 1820 1314 1874 ἔχειν
1340 1818 1506 1870 ὀδόντας
1531 1821 1708 1869 λευκούς.

292 1887 388 1938 135,
412 1887 478 1927 14.
521 1888 569 1926 ut
605 1883 783 1939 qu<a>m
821 1886 1050 1939 analogiam
1087 1887 1218 1927 dicere
1248 1900 1328 1928 non
1362 1888 1536 1938 possint,
1567 1887 1682 1938 sequi
1712 1886 1927 1926 debeamus

172 1952 311 1993 Canal.

292 2018 391 2067 135,
413 2019 479 2057 16.
518 2030 571 2057 an
597 2018 703 2068 quod
728 2030 775 2057 ea
799 2019 834 2057 h.
862 2030 892 2057 e.
919 2030 970 2057 an
994 2018 1037 2057 id
1063 2019 1170 2070 quod
1194 2031 1241 2058 ea
1266 2031 1361 2065 voit,
1391 2022 1436 2058 ut
1459 2021 1558 2058 recte
1582 2019 1767 2068 explicuit
1788 2017 1840 2058 A.
1858 2017 1927 2067 Sp.

296 2084 393 2134 136,
414 2084 438 2123 3
454 2095 509 2132 sq.
547 2085 663 2123 Mira
687 2085 838 2123 ratione
862 2084 1121 2124 Reitzenstein
1145 2097 1187 2134 p.
1215 2085 1285 2130 48,
1299 2086 1330 2124 2
1355 2097 1401 2124 ex
1429 2085 1491 2124 his
1515 2085 1643 2124 verbis
1667 2085 1929 2124 testimonium

171 2150 219 2189 de
239 2159 404 2199 yraecae
427 2149 588 2198 fabulae
611 2149 721 2188 titulo
733 2145 893 2201 Ὅμοιοι
917 2150 1068 2198 efficere
1091 2151 1234 2198 voluit;
1257 2152 1305 2200 cf.
1331 2151 1386 2190 ad
1403 2163 1447 2199 p.
1476 2150 1579 2196 175,
1602 2151 1639 2189 8.

295 2215 392 2265 136,
414 2215 451 2254 8.
493 2216 597 2254 sumi
629 2227 678 2255 ne
703 2217 869 2266 propter
893 2216 1120 2255 antecedens
1153 2217 1260 2254 sumi
1286 2218 1321 2255 et
1353 2216 1436 2254 coll.
1462 2217 1635 2266 spectari
1658 2213 1688 2266 5
1712 2217 1782 2261 39,
1803 2217 1862 2254 42
1885 2215 1929 2254 in

171 2281 431 2330 suspicionem
454 2292 574 2326 voces,
601 2281 649 2329 cf.
677 2280 756 2320 Cic.
778 2280 872 2330 Top.
897 2278 926 2331 5
951 2283 1009 2320 43
1033 2275 1224 2335 (alterum
1250 2281 1526 2320 similitudinis
1551 2293 1678 2333 genus
1702 2281 1930 2321 conlatione

173 2340 375 2400 sumitur).

296 2418 394 2468 136,
416 2419 470 2458 13
490 2429 546 2467 sq.
581 2417 640 2467 Cf.
660 2421 753 2468 post
775 2419 875 2458 Mue
898 2418 1140 2458 Schoemann
1165 2414 1413 2458 ‘Redetheile'
1432 2431 1476 2468 p.
1506 2420 1563 2457 12
1573 2430 1671 2468 sqq„
1706 2418 1931 2459 Wibmanns

167 2496 212 2533 p.
238 2483 335 2530 115,
358 2483 548 2523 Steinthal
571 2478 622 2522 Ι2
639 2496 683 2533 p.
709 2485 799 2524 297
810 2496 864 2534 sq.
892 2487 926 2523 et
949 2484 1008 2523 II
1018 2497 1064 2534 p.
1082 2486 1171 2524 219
1184 2496 1258 2533 sq„
1283 2485 1544 2525 Reitzenstein
1561 2497 1605 2534 p.
1634 2485 1692 2523 48
1702 2496 1756 2533 sq.

298 2550 395 2598 136,
417 2550 483 2588 16.
527 2549 748 2589 Dicendum
783 2550 908 2598 fuisse
942 2550 1080 2590 saltem
1108 2547 1283 2603 <aliter>
1320 2550 1392 2589 has
1423 2552 1570 2589 vocant
1603 2549 1768 2600 quidam
1804 2552 1932 2589 monet

175 2613 415 2653 Schoemann
432 2626 476 2663 p.
505 2616 562 2654 13
572 2626 628 2664 sq.

298 2680 396 2730 136,
419 2681 470 2719 17
484 2691 538 2729 sq.
571 2679 803 2732 appellandi
820 2682 868 2720 ut
890 2681 1009 2720 homo
1030 2682 1070 2720 et
1088 2681 1246 2731 Nestor,
1266 2681 1423 2721 dicendi
1447 2683 1494 2720 ut
1519 2681 1649 2721 scribo
1669 2683 1708 2720 et
1733 2681 1835 2733 lego,
1861 2681 1929 2720 ad·

176 2744 452 2795 miniculandi,
474 2747 522 2784 ut
545 2745 658 2786 docte
684 2748 725 2786 et
749 2747 964 2795 commode,
987 2746 1191 2799 iungendi,
1215 2749 1262 2786 ut
1285 2747 1460 2787 scribens
1485 2749 1527 2786 et
1550 2747 1686 2799 legens
1705 2746 1932 2796 Zippmann
2002 2741 2008 2749 '

170 2822 306 2860 proqr.
331 2823 368 2850 a.
397 2812 513 2850 1869
537 2810 889 2861 (Schneidemuehl)
906 2823 950 2860 p.
971 2811 1023 2851 X.

301 2883 399 2931 136,
421 2883 487 2922 18.
525 2881 593 2922 Ad
623 2895 700 2934 que
724 2881 795 2935 <et
817 2880 896 2935 ve>
926 2883 980 2931 cf.>
1005 2883 1125 2922 verba
1149 2883 1350 2923 Martiani
1377 2883 1560 2933 Capellae
1585 2883 1670 2922 III
1687 2884 1802 2929 272,
1833 2894 1934 2931 quae

179 2949 232 2987 ad
258 2947 476 2988 Varronem
499 2949 693 2988 revocavit
714 2948 863 2988 Schoell
886 2949 934 2988 de
958 2960 1034 2988 acc.
1061 2949 1085 2987 l.
1110 2948 1135 2987 l.
1154 2961 1198 2998 p.
1226 2951 1262 2988 7.
1292 2950 1346 2988 61
1374 2949 1440 2998 (=
1458 2949 1601 2998 fraym.
1621 2949 1711 2997 86).

301 3014 398 3063 136,
419 3014 487 3053 23.
526 3014 611 3053 utei
643 3014 853 3054 feineitum
886 3013 954 3063 Sp.
980 3015 1113 3063 praef.
1140 3027 1183 3063 p.
1209 3014 1309 3053 LII
1333 3015 1425 3053 adn.
1458 3014 1615 3063 (melius
1645 3015 1692 3053 ut
1727 3013 1935 3053 feinitum:

179 3090 275 3117 nam
300 3079 415 3118 etiam
443 3081 540 3125 137,
560 3081 620 3119 20
646 3082 760 3119 erunt
782 3081 850 3128 qui
873 3079 1093 3118 infeiniteis
1118 3080 1284 3119 seribere
1307 3079 1477 3123 malint).
