2176 3386
814 121 960 159 mmm
985 120 1018 157 V
1046 125 1233 159 lae—ua
1848 120 1907 163 43

144 232 290 277 aulum
325 231 489 276 dictum
530 234 596 276 est
632 231 729 276 aliis
763 232 831 276 vel
868 245 1031 287 arcera,
1071 246 1181 288 quae
1220 220 1352 275 vetiam
1394 231 1439 274 in
1477 231 1703 275 duodecim
1746 230 1907 274 tabulis

145 303 199 361 (I
208 306 240 348 3
257 301 368 362 Solu.)
394 302 656 361 appellatur3
682 303 800 359 quod
824 317 878 347 ex
902 302 1064 347 tabulis
1084 302 1330 347 vehiculum
1356 306 1448 347 erat
1471 302 1636 346 factum
1661 305 1712 346 ut
1737 301 1908 359 arca[r],

144 388 291 420 arcera
320 374 496 419 dictum.
545 374 788 431 plaustrum
820 375 874 418 ab
906 389 958 419 eo
984 375 1101 432 quod
1131 388 1219 419 non
1250 377 1300 418 ut
1331 374 1378 417 in
1408 374 1476 418 his
1508 389 1618 432 quae
1650 389 1780 430 supra
1805 374 1909 429 dixi,

143 446 220 492 sed
247 461 302 491 ex
331 446 452 491 omni
481 450 604 503 parte
634 447 777 504 palam
810 450 887 503 est,
919 460 1029 503 quae
1060 446 1107 491 in
1136 461 1187 490 eo
1213 445 1442 502 vehuntur,
1475 446 1589 502 quod
1623 447 1828 503 perlucet,
1861 449 1908 488 ut

109 535 126 565 ι
145 517 325 576 lapides,
355 533 532 575 asseres,
563 519 747 576 tignum.

263 590 333 635 32.
364 590 560 635 aedificia
590 591 814 635 nominata
845 606 871 634 a
901 593 1024 647 parte
1056 594 1106 634 ut
1137 590 1286 635 multa.
1342 590 1395 634 ab
1428 590 1605 634 aedibus
1638 594 1680 633 et
1711 590 1909 635 faciendo

145 663 330 707 maxime
367 662 622 707 aedificium.
685 666 728 707 et
760 662 969 719 oppidum
1007 663 1060 706 ab
1099 662 1172 719 opi
1210 662 1391 718 dictum,
1428 662 1545 718 quod
1583 663 1778 705 munitur
1814 663 1909 718 opis

145 749 274 779 causa
301 734 379 778 ubi
410 735 500 778 sint
530 738 574 778 et
599 735 715 791 quod
746 750 856 792 opus
888 738 954 778 est
978 734 1032 778 ad
1057 735 1191 778 vitam
1217 733 1448 791 gerendam
1473 734 1550 777 ubi
1581 734 1769 777 habeant
1801 737 1910 777 tuto.

146 806 306 864 oppida
335 806 452 864 quod
484 807 606 863 operi
636 806 900 864 muniebant,
931 807 1112 851 moenia.
1165 820 1252 862 quo
1285 805 1517 850 moenitius
1549 809 1662 849 esset
1694 806 1811 862 quod
1841 821 1910 849 ex-

90 896 126 925 ιο
145 878 430 937 aggerebant,
460 894 640 938 aggeres
673 878 795 935 dicti,
833 882 876 922 et
907 879 982 936 qui
1014 893 1215 937 aggerem
1257 878 1517 933 contineret,
1548 893 1731 921 moerus.
1795 879 1911 934 quod

142 950 365 995 muniendi
395 966 523 996 causa
553 951 820 1008 portabatur,
862 966 1033 1006 munus,
1073 950 1186 1007 quod
1220 949 1444 1007 sepiebant
1475 949 1683 1006 oppidum
1715 964 1765 994 eo
1798 964 1911 994 moe·

142 1036 254 1079 nere,
292 1037 477 1066 moerus.
542 1023 634 1066 eius
668 1038 838 1066 summa
874 1023 1032 1080 pinnae
1073 1023 1126 1066 ab
1167 1022 1236 1065 his
1278 1036 1384 1077 quas
1426 1021 1623 1078 insigniti
1664 1022 1824 1065 milites
1865 1023 1910 1065 in

142 1093 277 1152 galeis
317 1093 477 1139 habere
517 1095 657 1139 solent
697 1098 741 1139 et
781 1095 827 1138 in
868 1094 1179 1152 gladiatoribus
1222 1093 1452 1137 Samnites.
1511 1096 1652 1136 turres
1693 1109 1719 1136 a
1763 1095 1913 1150 torvis,

144 1166 261 1223 quod
285 1181 359 1210 eae
390 1166 610 1223 proiciunt
640 1170 740 1210 ante
772 1167 892 1211 alios.
944 1181 1030 1223 qua
1054 1166 1169 1209 viam
1194 1165 1497 1222 relinquebant
1522 1165 1568 1209 in
1594 1181 1730 1221 muro,
1757 1181 1842 1222 qua
1865 1167 1910 1209 in

90 1258 126 1285 u
146 1237 355 1295 oppidum
392 1241 634 1295 portarent,
671 1242 830 1295 portas.
887 1238 1048 1295 oppida
1085 1237 1328 1282 condebant
1366 1237 1412 1280 in
1442 1237 1568 1281 Latio
1600 1237 1785 1280 Etrusco
1823 1238 1910 1281 ritu

14 1320 18 1322 ·
142 1310 286 1366 multi,
325 1310 369 1353 id
409 1312 475 1353 cst
511 1310 672 1355 iunctis
709 1310 849 1354 bobus
855 1344 867 1366 ,
906 1314 1030 1354 tauro
1061 1313 1106 1353 et
1136 1324 1284 1364 vacca,
1322 1310 1526 1352 interiore
1558 1312 1701 1353 aratro
1734 1311 1911 1353 circum—

141 1381 328 1439 agebant
359 1381 528 1425 sulcum
560 1382 664 1440 (hoc
688 1382 908 1427 faciebant
932 1382 1157 1440 religionis
1182 1395 1311 1424 causa
1337 1380 1404 1424 die
1431 1380 1690 1439 auspicato),
1722 1384 1772 1424 ut
1797 1382 1912 1426 fossa

140 1455 184 1496 et
213 1467 337 1497 muro
369 1456 514 1497 essent
543 1455 710 1498 muniti.
760 1457 917 1497 terram
946 1454 1059 1497 unde
1084 1453 1396 1509 exculpserant,
1429 1453 1592 1496 fossam
1620 1454 1834 1497 vocabant
1870 1458 1912 1497 et

140 1525 375 1570 introrsum
406 1526 562 1570 iactam
593 1542 776 1570 murum.
826 1529 927 1582 post
958 1541 1007 1569 ea
1041 1525 1117 1582 qui
1149 1525 1282 1568 fiebat
1314 1525 1445 1581 orbis,
1476 1525 1597 1568 urbis
1629 1525 1912 1582 principium3

87 1619 122 1646 ,ο
141 1596 216 1653 qui
248 1597 365 1653 quod
395 1601 488 1641 erat
525 1601 625 1655 post
656 1613 847 1654 murum,
887 1598 1199 1654 postmoerium
1238 1597 1425 1653 dictum,
1462 1598 1683 1653 †eiusque
1721 1598 1913 1654 auspicia

259 1730 280 1763 8
309 1727 364 1773 Of.
395 1728 474 1766 ΤΘ.
499 1739 529 1765 s.
555 1728 766 1774 plaustrum
790 1730 802 1775 ΙΙ
828 1731 847 1764 ’1
877 1727 932 1773 Of.
956 1727 1029 1764 Cic.
1050 1739 1110 1774 ap.
1133 1728 1231 1765 Fest.
1257 1727 1364 1772 202b,
1383 1729 1433 1764 24
1459 1727 1577 1773 (quod
1601 1738 1714 1773 opem
1740 1727 1912 1775 darent),-

139 1775 259 1811 Pauli
281 1778 366 1820 184,
380 1779 403 1812 5
428 1776 543 1823 (quod
567 1776 624 1812 ibi
648 1776 819 1813 homines
844 1786 933 1822 opes
960 1787 1046 1812 suas
1072 1775 1306 1821 conferunt);
1330 1775 1428 1812 Serv.
1450 1776 1553 1812 Dan.
1573 1777 1616 1812 in
1636 1776 1729 1812 Aen.
1752 1777 1817 1812 IX
1836 1779 1909 1813 605

139 1821 214 1868 (vel
231 1823 333 1869 quod
355 1834 444 1870 opes
470 1823 537 1860 illo
563 1824 785 1860 munitionis
809 1824 935 1871 gratia
961 1825 1164 1871 congestae
1190 1825 1316 1870 sunt),·
1341 1823 1434 1860 Isid.
1450 1824 1492 1860 X
1499 1824 1578 1868 172,
1593 1827 1616 1859 5
1629 1835 1703 1869 sq.;
1729 1824 1907 1870 Pompon.

141 1870 229 1918 Diy.
250 1870 286 1906 L
306 1874 363 1916 16,
375 1875 452 1908 239
470 1871 498 1920 5
518 1874 542 1908 7
561 1872 624 1919 (ab
651 1883 722 1919 ope
743 1872 894 1917 dicitur,
919 1871 1022 1918 quod
1047 1871 1129 1908 eius
1154 1871 1210 1907 rei
1235 1882 1350 1907 causa
1375 1871 1526 1908 moenia
1552 1871 1629 1907 sint
1655 1872 1878 1918 constituta)
1897 1875 1908 1918 Η

141 1922 162 1954 9
195 1918 252 1963 Of.
277 1919 375 1957 Serv.
407 1921 450 1956 in
481 1921 574 1957 Aen.
602 1921 672 1957 XI
697 1923 773 1956 567
810 1920 975 1966 (proprie
1012 1920 1163 1956 moenia
1201 1921 1289 1955 sunt
1326 1921 1476 1956 tantum
1515 1919 1630 1963 muri,
1664 1920 1768 1956 dicta
1799 1920 1910 1966 quasi

140 1966 271 2002 munia
295 1978 320 2003 a
343 1968 553 2004 munitione
579 1968 781 2015 civitatis);
806 1969 899 2005 Isia.
927 1968 1012 2004 XV
1030 1971 1067 2013 2,
1087 1970 1145 2004 17.
1168 1970 1216 2004 18
1241 1969 1253 2014 11
1281 1971 1325 2004 10
1354 1967 1410 2012 Of.
1438 1968 1557 2004 Varro
1583 1968 1627 2004 de
1651 1980 1681 2004 r.
1707 1980 1738 2004 r.
1766 1970 1794 2004 I
1815 1972 1872 2012 14,
1887 1971 1911 2006 3

141 2015 312 2061 (aggeres
347 2014 496 2051 faciunt
529 2016 610 2052 sine
644 2015 764 2052 fossa:
801 2027 864 2052 eos
899 2015 1054 2062 quidam
1086 2017 1227 2052 vocant
1260 2017 1421 2061 muros);
1455 2015 1553 2052 Serv.
1584 2017 1627 2051 in
1653 2017 1746 2052 Aen.
1781 2017 1816 2052 V
1833 2018 1910 2052 273

140 2062 391 2108 (coaggeratis
415 2062 610 2109 lapidibus
637 2081 683 2094 =
709 2064 800 2100 Isia.
823 2064 908 2100 XV
927 2066 987 2107 16,
1009 2066 1045 2108 7)
1071 2067 1106 2099 et
1130 2065 1171 2099 in
1197 2064 1262 2100 IX
1282 2066 1356 2100 564
1381 2065 1442 2108 (=
1468 2064 1560 2099 Isid.
1584 2064 1669 2100 XV
1684 2067 1718 2107 9,
1739 2066 1796 2110 3);
1825 2064 1908 2101 GL.

148 2109 184 2146 V
202 2112 287 2154 481,
307 2113 356 2146 18
389 2112 401 2157 ΙΙ
438 2115 481 2147 13
510 2111 564 2156 Of.
591 2111 690 2149 Serv.
716 2113 759 2148 in
783 2112 876 2148 Aen.
904 2111 971 2147 IV
991 2114 1051 2148 88.
1086 2112 1170 2147 VII
1190 2113 1261 2148 159
1270 2125 1284 2154 ;
1315 2111 1391 2148 ΤΘ.
1417 2122 1445 2147 8.
1472 2111 1590 2156 pinna
1622 2116 1655 2148 et
1693 2111 1908 2158 pinnirapi;

138 2157 247 2194 schol.
272 2159 315 2194 in
339 2159 422 2195 Iuv.
449 2160 526 2195 III
544 2162 618 2195 158
652 2158 794 2205 (pinnis
827 2169 1017 2205 pavonum
1048 2159 1174 2195 ornari
1208 2158 1332 2195 solent
1367 2158 1599 2206 gladiatores
1628 2187 1635 2194 .
1657 2187 1665 2194 .
1690 2188 1697 2195 .
1725 2161 1791 2195 aut
1822 2159 1908 2196 ideo

139 2205 371 2252 phmirapos,
397 2207 488 2252 quia
518 2206 654 2253 pinnas
679 2207 720 2242 in
745 2206 865 2263 galeis
891 2205 1099 2253 habebant)
1133 2208 1144 2252 ΙΙ
1182 2210 1225 2242 15
1254 2207 1309 2251 Of.
1337 2206 1434 2243 Serv.
1461 2208 1504 2243 in
1529 2207 1621 2244 Aen.
1651 2208 1679 2243 I
1698 2209 1749 2244 83
1785 2208 1908 2253 (porta

141 2280 149 2288 .
171 2281 179 2289 .
200 2280 209 2290 .
236 2264 311 2300 qua
335 2255 464 2300 potest
488 2254 548 2291 vel
578 2255 764 2301 inportari
790 2254 848 2291 vel
873 2254 1063 2301 exportari
1089 2253 1273 2301 aliquid),-
1301 2254 1380 2291 ΤΘ.
1406 2266 1435 2291 s.
1461 2256 1573 2300 porta
1598 2254 1777 2291 Laurenti
1806 2255 1910 2302 (quia

139 2311 207 2346 per
225 2300 347 2347 ipsam
367 2313 501 2348 corpus
521 2302 600 2339 eius
620 2304 813 2349 portatum
832 2304 924 2348 est);
949 2303 1042 2339 Isia.
1060 2303 1144 2339 XV
1156 2305 1193 2347 2,
1206 2304 1258 2339 22
1275 2303 1286 2348 ΙΙ
1309 2305 1352 2338 16
1376 2303 1430 2346 Of.
1454 2303 1572 2339 Varro
1592 2303 1627 2339 d.
1648 2315 1678 2339 r.
1699 2315 1730 2340 r.
1746 2305 1798 2340 II
1813 2307 1846 2347 1,
1861 2307 1909 2340 10

140 2350 193 2394 (et
222 2350 324 2395 quod
353 2350 461 2394 urbs.
496 2361 581 2387 cum
606 2351 759 2387 condita
785 2352 854 2395 est,
888 2353 998 2387 tauro
1025 2352 1063 2386 et
1088 2361 1203 2386 vacca
1229 2361 1304 2396 qua
1329 2352 1456 2394 essent
1489 2350 1588 2386 muri
1614 2353 1653 2387 et
1684 2352 1818 2397 portae
1845 2352 1908 2388 de-

139 2396 288 2433 finitum
309 2426 316 2434 .
338 2424 346 2432 .
368 2399 413 2444 .);
439 2398 529 2436 Cato
553 2410 614 2445 ap.
641 2398 739 2436 Serv.
765 2400 808 2435 in
832 2399 926 2435 Aen.
957 2399 993 2435 V
1013 2401 1086 2435 755
1111 2400 1172 2445 (-—-
1192 2399 1284 2435 Isia.
1306 2398 1386 2435 XV
1404 2401 1441 2443 2,
1462 2400 1498 2442 3)
1507 2412 1520 2442 ,·
1545 2399 1643 2436 Sem
1670 2400 1714 2436 in
1732 2400 1824 2435 Aen.
1848 2401 1914 2435 IV

91 2462 97 2467 ·
140 2446 236 2490 212,·
266 2446 367 2482 Plut.
397 2446 464 2494 Qu.
487 2447 592 2484 Rom.
618 2449 690 2491 27;
715 2447 813 2483 Fest.
841 2447 863 2484 12
890 2447 942 2484 ad
965 2449 1024 2491 41,
1044 2449 1092 2483 13
1116 2457 1207 2490 scr.;
1237 2447 1338 2483 Don.
1365 2448 1407 2483 in
1433 2447 1506 2483 Ad.
1534 2448 1601 2484 IV
1619 2449 1656 2490 2,
1676 2450 1745 2492 44,·
1774 2447 1852 2484 TG.
1878 2459 1906 2484 s.

140 2492 291 2529 urbatio
316 2494 327 2540 ΙΙ
355 2497 398 2530 18
426 2494 481 2539 Of.
502 2494 601 2531 Serv.
626 2496 669 2531 in
688 2495 782 2531 Aen.
810 2495 894 2531 VII
908 2497 980 2531 157
1004 2495 1016 2540 ΙΙ
1044 2498 1087 2531 19
1115 2494 1171 2539 of.
1193 2494 1393 2540 Auqmtin.
1414 2495 1538 2540 princ.
1564 2495 1654 2531 dial.
1682 2499 1740 2539 11,
1759 2498 1783 2531 4
1809 2495 1906 2532 Grec.

142 2541 222 2586 (per
255 2540 297 2576 id
331 2552 406 2586 quo
440 2542 665 2587 continetur,
698 2544 744 2579 ut
775 2542 908 2579 urbem
943 2542 992 2578 ab
1019 2543 1108 2579 orbe
1135 2542 1370 2588 appellatam
1393 2542 1537 2586 volunt,
1572 2543 1674 2588 quod
1709 2543 1906 2588 auspicato

140 2587 244 2624 locus
269 2590 395 2625 aratro
421 2590 649 2626 circumduci
683 2589 812 2634 solet):
844 2591 892 2635 cf.
918 2591 970 2627 ad
994 2594 1052 2634 44,
1073 2593 1095 2626 3
1130 2591 1141 2636 ΙΙ
1177 2593 1222 2626 20
1251 2590 1306 2634 Cf.
1335 2590 1433 2627 Fest.
1458 2591 1570 2634 249⁵,
1601 2593 1652 2627 28
1677 2602 1758 2627 eum
1784 2592 1907 2628 Paulo

139 2638 226 2680 248,
253 2639 300 2672 14
325 2642 359 2673 et
382 2639 485 2681 250⁸,
503 2640 555 2674 20
579 2637 710 2685 (veluti
742 2640 828 2684 post
852 2638 1094 2687 moe<rium>
1120 2649 1148 2674 e.
1169 2650 1200 2684 q.
1221 2640 1286 2684 s.);
1324 2637 1405 2674 GL.
1432 2639 1510 2675 III
1522 2641 1608 2682 475,
1628 2641 1652 2674 9
1678 2639 1799 2684 (quasi
1819 2641 1906 2684 post

141 2686 279 2730 muros)
287 2698 301 2728 ;
322 2685 414 2721 Gen.
429 2685 548 2722 XIII
561 2688 618 2731 14,
634 2690 654 2723 1
668 2685 785 2732 (locus
812 2714 820 2721 .
837 2697 980 2732 ..pone
1000 2697 1125 2722 muros
1147 2714 1154 2720 .
1172 2714 1178 2720 .
1195 2714 1202 2721 .
1223 2686 1288 2731 qui
1308 2685 1403 2721 facit
1421 2686 1533 2722 finem
1553 2686 1688 2722 urbani
1709 2687 1907 2733 auspicii),-

260 2807 281 2839 2
307 2805 365 2841 del
385 2805 479 2842 Laet
503 2806 514 2851 ΙΙ
541 2808 560 2840 7
580 2806 620 2841 et
643 2810 846 2852 suspectum
867 2805 1084 2852 (derso-6010)
1111 2807 1122 2851 ΙΙ
1148 2809 1169 2841 8
1196 2805 1362 2841 habeant
1386 2806 1462 2852 [sic
1482 2805 1603 2852 [Ἐν]
1623 2807 1678 2841 vel
1696 2805 1871 2842 habitent
1895 2808 1898 2816 ’

141 2852 223 2888 tuto
247 2853 303 2888 vel
333 2853 417 2888 tuta
446 2853 523 2900 [sic
549 2853 668 2900 (F')]
702 2854 713 2900 ΙΙ
748 2857 769 2889 9
795 2853 947 2890 Moenia
971 2864 1045 2899 quo
1077 2853 1280 2890 moenitius
1306 2855 1405 2889 esset
1433 2853 1493 2888 F*
1526 2856 1537 2898 Η
1575 2857 1619 2889 10
1646 2853 1815 2889 Moerum
1842 2854 1903 2890 F*

145 2901 286 2947 (munis
304 2901 339 2946 v)
358 2901 370 2946 ΙΙ
392 2904 435 2936 11
448 2911 521 2947 sqq.
542 2911 691 2937 manus:
712 2912 795 2938 corr
807 2902 903 2938 Laet
920 2903 1088 2946 (moenus
1107 2905 1140 2937 et
1160 2905 1270 2938 antea
1288 2901 1505 2937 moeniendi
1527 2902 1630 2944 Mue,
1649 2912 1680 2937 v.
1696 2903 1720 2936 9
1739 2901 1904 2938 moenie·

141 2947 237 2983 bant
257 2947 389 2994 Oanal)
411 2950 417 2995 Ι
439 2958 483 2996 ee
508 2959 720 2985 omoenere:
746 2960 829 2986 corr
846 2949 950 2986 Turn
971 2950 976 2994 Ι
998 2960 1143 2985 murus:
1170 2960 1252 2985 corr
1264 2948 1374 2993 Sciop
1394 2948 1400 2995 1
1423 2948 1562 2984 habere
1587 2948 1628 2984 in
1647 2948 1767 2995 galeis
1782 2950 1872 2994 (F⁷)
1891 2952 1903 2994 fl

145 2998 188 3030 16
207 2994 325 3031 bacca
342 2996 398 3032 vel
415 3005 533 3032 uacca
551 2997 618 3043 (sic
631 2996 706 3042 F')
730 2998 742 3044 ΙΙ
769 3000 812 3033 1⁰1
838 2997 913 3033 dist
932 2997 1053 3034 Ganal
1076 2998 1088 3042 ΙΙ
1116 3000 1158 3032 19
1185 2996 1327 3032 factam
1351 2997 1420 3034 (sie
1438 2997 1546 3032 etiam
1563 2996 1658 3041 FO:
1684 3008 1767 3033 corr
1784 2997 1873 3033 Mue
1896 2998 1899 3019 ῗ

143 3043 291 3089 postea:
317 3053 399 3079 cor-r
426 3043 517 3081 Mne
540 3045 552 3090 ΙΙ
578 3047 624 3079 20
649 3054 693 3080 eo
718 3055 836 3090 usque
866 3045 1067 3081 Mommsen

1941 604 2001 634 141

1940 1037 2005 1068 142

1940 1252 2007 1284 148
