2176 3386
6 1208 13 1215 Ρ
0 508 9 1150 —vv--m-fi-q-m-—u—-ww
0 489 6 495 -
0 436 2 446 v

91 943 127 971 10

95 1301 130 1329 1⁵

102 2018 137 2045 2⁶

862 162 1169 200 FRAGMENTA
1804 161 1893 205 205

354 290 462 334 quos
483 274 767 319 Athenienses
799 273 983 317 Romam
1015 272 1069 315 ad
1100 274 1294 315 senatum
1327 270 1477 328 populi
1508 270 1616 327 (R.)
1647 272 1896 329 legaverant

355 348 634 406 inpetratum,
674 346 740 389 uti
772 346 952 389 multam
984 345 1239 400 remitteret,
1280 357 1409 400 quam
1445 342 1607 386 fecerat
1643 343 1680 386 is
1717 346 1897 399 propter

356 419 492 476 Oropi
529 418 825 462 vastationem.
878 432 928 460 ea
965 415 1102 460 multa
1139 416 1281 459 fuerat
1318 414 1530 458 talentum
1567 415 1657 458 fere
1689 415 1896 472 quingen-

354 494 459 535 tum.
510 492 632 534 erant
664 489 736 533 isti
768 487 1020 546 philosophi
1052 486 1290 531 Carneades
1322 502 1374 530 ex
1406 486 1641 543 academia,
1679 486 1898 544 Diogenes

358 564 533 618 stoicuS‚
572 560 787 605 Critolaus
819 560 1135 617 peripateticus.
1186 562 1230 602 et
1259 559 1304 602 in
1336 561 1530 602 senatum
1562 558 1734 615 quidem
1768 559 1899 602 intro-

358 635 475 678 ducti
516 635 750 690 interprete
791 632 859 675 usi
900 635 1002 675 sunt
1042 630 1086 675 C.
1114 630 1254 674 Acilio
1300 633 1513 673 senatore:
1557 630 1630 674 sed
1671 633 1770 674 ante
1814 631 1898 688 ipsi

357 720 550 750 seorsum
583 705 766 761 quisque
798 703 1042 748 ostentandi
1073 703 1214 760 gratia
1238 716 1395 760 magno
1428 705 1642 745 conventu
1673 701 1898 745 hominum

358 778 705 821 dissertaverunt.
760 778 855 819 tum
897 776 1171 819 admirationi
1212 774 1345 818 fuisse
1386 774 1507 817 aiunt
1551 773 1742 817 Rutilius
1787 772 1899 832 (hist.

358 849 412 893 R.
428 850 584 905 fraym.
602 852 631 891 3
650 848 722 899 P.)
763 850 807 891 et
837 847 1044 903 Polybius
1077 846 1332 899 (XXXIII
1347 849 1378 890 2
1400 860 1446 901 p.
1467 849 1584 889 1287
1597 846 1675 898 H.)
1712 845 1902 901 philoso-

362 922 548 978 phorum
580 921 714 963 trium
752 920 820 962 sui
852 919 1060 975 cuiusque
1090 919 1259 976 generis
1290 917 1545 961 facundiam.
1597 918 1803 974 violenta,
1841 918 1902 960 in-

364 993 531 1049 quiunt,
563 995 607 1036 et
637 991 787 1048 rapida
813 990 1051 1034 Carneades
1084 990 1265 1047 dicebat,
1297 989 1404 1033 scita
1429 991 1473 1033 et
1497 991 1651 1032 teretia
1677 988 1904 1044 Critolaus,

364 1064 559 1108 modesta
590 1063 807 1120 Diogenes
839 1066 882 1107 et
914 1063 1069 1106 sobria.

149 1139 208 1183 60
233 1136 306 1196 (81
338 1135 468 1195 [4Ο]).
522 1137 612 1192 ἤθη
642 1170 649 1178 .
677 1170 686 1178 .
714 1170 722 1178 .
747 1135 880 1179 nullis
906 1135 1060 1191 ali<is>
1085 1149 1255 1177 servare
1281 1134 1482 1178 convenit
1502 1167 1510 1176 .
1532 1167 1540 1176 .
1562 1168 1570 1176 .
1591 1148 1720 1189 quam
1741 1133 1904 1176 Titinio

365 1208 568 1251 Terentio
601 1207 805 1263 Att<a>e3
836 1207 959 1262 πάθη
992 1220 1093 1249 vero
1125 1205 1292 1249 Trabea
1318 1240 1326 1248 .
1349 1241 1355 1248 .
1379 1240 1386 1248 .
1413 1204 1575 1248 Atilius
1604 1203 1815 1248 Caecilius
1846 1204 1905 1247 fa-

365 1280 446 1323 cile
477 1282 716 1322 moverunt.
760 1278 912 1336 ‘egone
943 1278 1094 1322 illam?
1133 1278 1298 1334 qu<a>e
1329 1277 1483 1320 illum?
1521 1291 1630 1333 quae
1662 1277 1758 1320 me?
1797 1291 1906 1332 quae

364 1351 481 1395 non?
525 1352 617 1393 sine
648 1350 791 1406 modo,
822 1350 932 1394 mori
964 1364 1033 1392 me
1059 1349 1224 1393 malim:
1256 1349 1413 1392 sentiet
1438 1349 1512 1404 qui
1539 1349 1605 1391 vir
1635 1348 1758 1391 siem’
1793 1351 1815 1401 (
1815 1349 1906 1392 Ter.

365 1423 478 1466 Eun.
500 1424 591 1476 65):
623 1423 813 1479 praecise
846 1457 854 1465 .
882 1457 889 1464 .
917 1438 944 1464 .:
975 1424 1153 1479 generat
1185 1421 1319 1464 animi
1349 1421 1607 1477 passionem.
1659 1420 1775 1476 quod
1806 1421 1908 1463 novi

366 1494 536 1552 generis
569 1509 666 1538 cum
690 1508 778 1537 non
804 1494 863 1537 sit
887 1493 1129 1537 interiectio
1157 1493 1231 1536 sed
1258 1493 1487 1549 ademptio,
1517 1495 1663 1536 tamen
1694 1493 1910 1535 interiecti

365 1566 498 1610 animi
539 1580 667 1609 causa
707 1566 957 1609 vocitamus.
1020 1566 1084 1608 ‘tu
1125 1579 1193 1608 me
1233 1565 1364 1608 homo
1406 1565 1545 1622 adigis
1587 1565 1640 1607 ad
1681 1564 1907 1607 insaniam'

369 1639 482 1691 (Ter.
502 1638 587 1682 Ad.
607 1641 723 1691 111):
765 1638 990 1680 irascentis
1028 1640 1071 1680 et
1111 1637 1217 1680 haec
1254 1638 1393 1680 oratio
1433 1640 1516 1694 est,
1556 1637 1659 1680 licet
1695 1638 1816 1679 nulla
1854 1637 1911 1679 sit

368 1710 593 1753 interiecta
622 1709 846 1766 particula.
891 1710 986 1752 ‘tun
1018 1709 1209 1753 consulis
1242 1709 1516 1765 quicquam?'
1551 1710 1664 1761 (Ter.
1684 1708 1766 1751 Ad.
1787 1711 1911 1761 127):

370 1786 418 1825 et
451 1782 557 1826 haec
597 1781 820 1825 irascentis
861 1780 1000 1824 oratio
1042 1784 1119 1824 est.
1174 1781 1328 1823 ‘tremo
1372 1781 1632 1837 horreoque,
1680 1782 1912 1837 postquam

369 1854 516 1911 aspexi
546 1853 672 1896 hanc’
700 1854 812 1906 (Ter.
826 1854 938 1897 Eun.
954 1856 1048 1907 84):
1080 1853 1274 1896 adfectus
1301 1852 1356 1896 ob
1388 1867 1591 1895 amorem.
1640 1852 1776 1908 meus,
1806 1852 1913 1895 heus

370 1929 509 1982 pater,
546 1926 654 1968 heus
694 1925 872 1968 Hector'
921 1928 1045 1980 (tray.
1074 1925 1228 1980 fraym.
1266 1926 1345 1967 inc.
1383 1925 1463 1967 inc.
1498 1925 1546 1967 X
1569 1925 1659 1977 R.):
1697 1939 1722 1966 a
1766 1925 1914 1967 dolore

371 1998 527 2040 mentis
559 1997 760 2040 adfectae.
826 1998 965 2040 ‘mane
997 2012 1141 2051 mane,
1174 2011 1305 2053 porro
1336 1999 1387 2039 ut
1418 1996 1581 2039 audias’
1615 1997 1731 2048 (ibid.
1761 1996 1914 2051 XLI):

373 2069 621 2124 cupiditatis
652 2069 845 2112 adfectus
877 2072 954 2113 est.

158 2142 214 2185 61
252 2140 327 2196 (83
354 2140 483 2199 [41]).
528 2140 637 2183 later
667 2140 807 2183 lutum
842 2141 1073 2197 iugmenta.

283 2334 327 2367 13
356 2331 438 2367 GL.
459 2331 486 2366 I
502 2332 651 2374 241,27
677 2329 782 2376 (ἤθη,
808 2332 852 2365 ut
877 2329 932 2365 ait
951 2329 1068 2365 Varro
1095 2329 1142 2365 de
1167 2330 1303 2366 Latino
1329 2340 1498 2364 sermone
1525 2328 1621 2365 libro
1641 2328 1686 2373 V,
1712 2328 1827 2364 nullis
1848 2356 1856 2363 .
1879 2357 1886 2364 .
1909 2356 1917 2364 .

162 2378 348 2423 convenit,
382 2378 525 2424 inquit,
560 2389 673 2424 quam
700 2406 707 2413 .
730 2406 737 2413 .
760 2405 768 2413 .
789 2377 952 2423 Trabea,
987 2378 1128 2424 inquit,
1159 2377 1298 2413 Atilius
1320 2406 1327 2414 .
1350 2406 1356 2412 .
1378 2405 1386 2413 .
1412 2377 1593 2423 praecise,
1630 2377 1755 2422 inquit
1781 2376 1916 2412 Varro:

163 2428 319 2474 generat
346 2454 354 2461 .
376 2455 382 2461 .
406 2454 412 2461 .
439 2428 510 2472 est)
518 2440 531 2470 ;
556 2427 603 2471 cf.
625 2426 724 2462 Don.
751 2428 793 2462 in
819 2425 922 2464 Eun.
943 2426 971 2460 I
992 2429 1024 2470 1,
1038 2429 1098 2462 20.
1134 2426 1169 2461 V
1189 2429 1299 2470 8,.20.
1328 2426 1447 2462 Andr.
1470 2427 1498 2461 I
1518 2428 1552 2470 5,
1578 2427 1637 2461 36.
1665 2428 1734 2469 50;
1760 2425 1857 2460 Serv.
1878 2426 1919 2460 in

163 2476 255 2512 Aen.
276 2475 303 2510 1
318 2477 410 2519 135;
437 2474 562 2522 Quint.
586 2474 651 2509 IX
667 2476 704 2517 2,
719 2476 785 2518 54‚·
813 2474 1015 2510 Macr.1V
1030 2477 1065 2518 6,
1078 2477 1128 2510 20
1140 2485 1235 2520 sqq.;
1259 2474 1351 2510 Isid.
1367 2474 1417 2509 II
1433 2477 1489 2510 14.
1508 2475 1569 2517 21,
1584 2475 1643 2516 36,
1657 2474 1704 2509 al.
1731 2475 1743 2518 ΙΙ
1768 2476 1813 2507 27
1837 2473 1918 2509 GL.

164 2524 192 2559 I
208 2525 289 2567 135,
303 2525 350 2558 17
376 2521 487 2567 (later
513 2533 561 2557 an
586 2521 741 2557 lateris?
779 2522 817 2556 et
847 2521 936 2557 huic
961 2521 1235 2557 nominativum
1262 2521 1492 2569 singularem
1524 2521 1713 2556 ablativus
1745 2520 1920 2556 restituet

164 2569 379 2616 singularis,
400 2569 432 2604 si
446 2569 475 2605 Ε
494 2569 661 2605 litteram
682 2569 858 2615 deponat.
886 2569 1004 2605 Varro
1025 2569 1072 2605 de
1093 2568 1261 2606 sermone
1282 2569 1417 2605 Latino
1431 2569 1465 2604 V
1480 2568 1614 2605 ‘later.
1633 2598 1638 2603 .
1655 2597 1663 2604 .
1678 2568 1922 2615 iugmenta')‚·

164 2619 211 2663 cf.
232 2618 331 2654 Non.
353 2620 492 2661 131,8;
519 2618 643 2654 GLJ
657 2620 816 2661 328‚24.
837 2619 922 2662 552,
936 2621 982 2653 11
990 2631 1004 2662 ;
1028 2618 1079 2653 ΙΙ
1095 2620 1179 2662 189,
1195 2621 1250 2654 11.
1270 2620 1443 2662 228‚20;
1468 2618 1540 2653 111
1559 2620 1640 2661 145,
1655 2620 1702 2652 10
1710 2631 1723 2661 ;
1751 2617 1785 2652 V
1800 2619 1884 2660 138,
1899 2619 1921 2652 5

166 2665 409 2712 (nominativo
428 2664 525 2701 later
543 2676 618 2701 non
637 2665 787 2710 dicitur,
807 2665 978 2710 quamvis
999 2665 1100 2711 apud
1120 2665 1282 2701 Probum
1308 2665 1518 2701 invenimus
1544 2665 1606 2700 hic
1631 2664 1750 2709 later).
1780 2667 1866 2708 187,
1879 2668 1922 2707 1;

165 2713 304 2750 Amcd.
325 2713 429 2749 Helv.
457 2716 540 2756 244,
556 2716 622 2757 12,-
652 2713 730 2751 ΤΘ.
756 2724 784 2749 8.
810 2724 842 2749 v.

289 2897 368 2938 leq.
396 2891 473 2927 add
492 2891 608 2928 Hertz
634 2891 878 2936 (dubitanter)
901 2893 907 2937 Ι
928 2890 1152 2938 legauerant
1179 2892 1423 2938 impetratum
1444 2893 1513 2936 (sic
1528 2893 1666 2937 Macr.)
1694 2892 1748 2927 vel
1772 2890 1923 2937 legaue-

168 2941 258 2976 runt
281 2939 509 2986 imperatum
531 2941 537 2985 1
558 2939 768 2975 remitteret
798 2944 831 2976 et
862 2939 1004 2975 fecerat
1037 2941 1106 2984 (sic
1132 2941 1271 2984 Μαι-ν.)
1298 2942 1352 2976 vel
1382 2939 1619 2975 remitterent
1643 2943 1675 2975 et
1713 2938 1882 2974 fecerant
1911 2940 1923 2984 fl

169 2991 191 3023 6
217 2986 351 3023 cacilio
375 2988 430 3024 vel
456 2986 587 3023 cecilio
614 2986 747 3032 (caelio
762 2987 898 3033 Macr.)
923 2988 935 3033 ΙΙ
961 2990 983 3022 8
1009 2988 1306 3023 dissertauerant
1330 2988 1385 3024 vel
1410 2987 1710 3023 dissertauerunt
1734 2988 1744 3032 11
1772 2990 1815 3022 13
1841 2986 1925 3021 nul-

169 3034 229 3070 lus
255 3034 325 3071 ali:
351 3046 432 3072 corr
445 3035 588 3071 Ritschl
611 3036 623 3081 ΙΙ
650 3038 694 3070 14
713 3035 828 3081 pathe
848 3036 860 3081 ΙΙ
888 3039 931 3070 15
957 3034 1102 3081 illamq3
1120 3037 1132 3082 ΙΙ
1159 3039 1202 3071 17
1222 3035 1326 3083 pcise
1349 3038 1354 3080 Ι
1376 3039 1461 3071 ante
1478 3036 1635 3080 generat
1654 3034 1895 3071 distinximus
1913 3036 1925 3079 fl

172 3086 218 3118 28
242 3082 368 3130 heu[s]
394 3087 446 3119 ter
471 3083 630 3119 Ribbeck
653 3083 665 3128 ΙΙ
691 3086 735 3118 24
762 3082 913 3119 adolere
937 3084 949 3128 ΙΙ
974 3087 1018 3118 27
1046 3082 1384 3131 iugmenta<tum>
1407 3083 1516 3118 Wilm
