2176 3386
348 108 435 150 250
1033 106 1407 143 ADNOTATIONES

471 221 537 269 15,
559 222 596 259 2.
629 220 818 259 sacellum
835 219 1044 270 Volupiae.
1075 219 1292 258 Velabrum
1319 219 1469 259 Gilbert
1493 216 1644 259 ‘Gescla
1669 233 1707 258 u.
1732 217 1838 268 ΤοΡ.’
1857 231 1900 268 Ρ.
1925 220 1989 260 56.
2054 262 2058 265 ,

470 287 537 334 15,
558 287 594 324 4.
636 286 762 324 Verba
801 285 946 323 dicitur
972 315 980 323 .
1009 316 1016 322 .
1045 315 1052 321 .
1081 297 1168 323 aere
1206 286 1290 323 secl.
1318 283 1368 323 A.
1391 284 1457 333 Sp.
1496 286 1724 324 assentiente
1758 286 1938 331 Marxio,
1974 286 2092 325 verba

349 364 495 390 merces
523 381 531 389 .
553 382 559 388 .
584 381 591 388 .
619 363 708 389 aere
733 363 812 388 van
838 349 906 388 der
932 350 1032 388 Vliet
1063 350 1280 399 Woelfflini
1299 350 1416 389 Arch.
1439 350 1481 388 X
1499 362 1539 398 Ρ.
1563 352 1629 389 16.
1945 344 1960 363 ”

470 423 537 471 15,
559 424 595 460 7.
631 421 689 470 Of.
711 421 885 460 Huelsen
910 421 1016 459 Mus.
1042 422 1159 460 Rhen.
1182 421 1333 459 XLIX
1357 420 1511 470 (1894)
1531 434 1573 470 Ρ.
1596 422 1680 460 413
1693 433 1761 470 sq„
1785 422 1976 460 Muenzer
1998 421 2091 461 ibid.

348 488 472 526 LIII
491 487 647 536 (1898)
667 499 708 535 Ρ.
733 488 830 532 603,
857 486 1048 525 Wissowa
1074 482 1180 525 ‘Ges
1207 483 1419 524 Achaiion?
1442 499 1482 534 Ρ.
1509 488 1609 532 212,
1631 489 1654 524 1
1683 489 1717 526 et
1741 488 1828 526 219
1841 498 1895 534 sq.

472 555 539 602 15,
562 553 628 590 12.
664 552 723 600 Of.
744 552 953 590 Bormann
979 547 1168 590 ‘Eranos’
1197 550 1383 599 (Vindob.
1413 551 1545 600 1903)
1565 564 1608 600 Ρ.
1636 552 1723 590 350
1747 553 1837 591 adn.

471 619 537 667 15,
561 619 626 657 17.
660 617 879 656 Caeliolum
903 618 1165 655 servavimus:
1189 617 1246 654 sic
1269 628 1381 654 mons
1406 616 1610 655 Iam'culus
1637 619 1671 656 et
1699 616 1932 656 Ianiculum.

473 684 540 733 15,
562 684 627 721 18.
664 682 723 730 Of.
752 683 943 722 Wissowa
967 681 1048 720 Sat.
1079 681 1212 720 Viadr.
1233 693 1275 729 Ρ.
1299 683 1376 727 13,·
1403 681 1553 720 Gilbert
1578 678 1727 721 ‘Gesch
1753 679 1922 730 u..Top.'
1936 693 1979 730 Ρ.
1999 683 2093 720 177.
2147 688 2149 691 ’

470 750 537 796 15,
559 750 624 787 20.
665 748 773 796 Quae
797 748 844 786 de
869 746 1089 796 Argeorum
1113 747 1301 785 sacrariis
1327 746 1573 795 adferuntur,
1598 748 1651 785 ad
1674 747 1833 792 verbum
1858 748 2094 796 transcripta

349 826 429 854 esse
454 825 649 853 censemus
676 825 720 851 ex
753 813 944 852 Varronis
968 824 1100 850 rerum
1124 812 1370 850 urbanarum
1394 812 1506 850 libris
1530 812 1589 851 vel
1622 824 1666 851 ex
1696 813 1793 860 ipsis
1827 812 1938 851 libris
1967 813 2095 861 ponti-

347 882 449 928 ficiis
469 880 535 928 (cf.
559 880 750 919 Wissowa
765 875 871 917 ‘Ges
885 874 1097 916 Abhandl.’
1112 890 1155 926 Ρ.
1170 879 1259 916 212
1272 896 1316 907 =
1333 874 1603 926 ‘RealencycL'
1623 890 1652 916 3.
1673 877 1796 928 Argei
1824 879 1920 923 689,
1942 877 2095 916 Iordan

353 946 513 994 Topqqr,
540 945 598 982 II
618 956 662 992 Ρ.
681 945 781 987 267,
807 943 1005 981 Preibisch
1038 943 1180 991 fraym.
1216 942 1302 981 libr.
1335 944 1472 991 pontif.
1492 955 1535 991 Ρ.
1565 942 1688 991 634).
1732 943 1842 991 Quod
1874 943 2094 981 recentioris

352 1012 491 1049 aetatis
516 1010 676 1048 colorem
694 1020 796 1056 prae
819 1019 860 1046 se
891 1005 1027 1058 ferunt
1059 1008 1210 1055 formae
1243 1007 1352 1055 lonye
1369 1035 1371 1037 -
1378 1008 1591 1056 plurimae,
1617 1020 1704 1046 cum
1730 1008 1922 1047 Wissowa
1946 1010 1980 1047 et
2004 1008 2095 1046 aliis

348 1078 403 1114 ita
431 1077 742 1123 interpretamur,
767 1075 812 1111 ut
835 1084 951 1111 sacra
969 1071 1189 1121 Aryeorum
1211 1084 1292 1111 non
1316 1075 1396 1111 tam
1420 1075 1567 1112 vetusta
1594 1084 1672 1111 esse
1697 1084 1813 1120 quam
1837 1073 1970 1112 multis
1993 1072 2096 1110 vide-

349 1142 493 1179 bantur
504 1143 735 1179 statuamus.
767 1139 829 1178 De
847 1139 1014 1187 sinyulis
1026 1139 1260 1186 quibusdum
1278 1138 1416 1185 formis
1437 1140 1511 1187 eyit
1522 1139 1653 1176 Havet
1666 1135 1890 1177 ‘Memoires
1903 1139 1950 1177 de
1969 1139 2008 1177 la
2020 1149 2093 1176 soc.

350 1207 396 1245 de
416 1203 549 1255 unqu!
560 1206 587 1243 I
596 1206 630 1241 V
632 1217 674 1254 Ρ.
689 1206 775 1243 234
784 1216 839 1252 sq.
854 1225 909 1230 —
923 1203 984 1252 Of.
995 1203 1216 1252 Mommsen
1228 1199 1516 1241 ‘Staatsr.'III
1532 1206 1555 1241 1
1563 1215 1605 1251 Ρ.
1623 1204 1707 1241 124
1729 1206 1763 1241 et
1778 1203 1968 1242 Wissowa
1986 1203 2011 1241 l.
2022 1215 2052 1242 s.
2063 1215 2094 1242 3.

471 1278 537 1325 15,
560 1278 627 1315 22.
664 1275 722 1324 Of.
751 1275 902 1314 Gilbert
927 1271 1078 1314 ‘Gesch
1104 1286 1144 1312 u.
1166 1270 1275 1322 ΤοΡ.’
1296 1286 1339 1322 Ρ.
1360 1275 1460 1313 217.

470 1343 537 1391 16,
559 1344 595 1380 6.
629 1337 882 1392 Subura<m>
903 1340 1095 1379 Wissowa
1121 1339 1268 1388 (tacite)
1296 1340 1318 1377 l.
1343 1350 1375 1378 3.
1400 1351 1430 1378 s.

470 1408 536 1456 16,
558 1409 623 1445 13.
656 1406 777 1445 vicini
801 1407 868 1444 vix
891 1407 990 1444 recte
1014 1407 1163 1443 tutatur
1188 1405 1292 1444 Ellis
1318 1406 1340 1444 l.
1367 1416 1396 1444 s.
1423 1416 1453 1443 3.
1473 1417 1514 1453 Ρ.
1543 1405 1630 1443 355
1655 1407 1854 1452 tamquam
1878 1405 2095 1450 locativwm,

350 1476 393 1512 ut
416 1473 582 1522 vesperi.
614 1471 702 1510 An:
726 1471 924 1511 viciniae?

470 1539 536 1587 16,
560 1538 624 1576 15.
656 1538 783 1576 vincit
800 1547 877 1584 Ρνο
902 1548 983 1574 una
1009 1537 1070 1574 est
1089 1535 1190 1574 Boot
1208 1536 1230 1574 Z.
1250 1547 1281 1574 3.
1301 1547 1330 1574 3.
1350 1548 1392 1584 Ρ.
1415 1537 1499 1573 410
1525 1534 1586 1584 (at
1609 1537 1657 1584 cf'.
1677 1535 1803 1574 virtus
1827 1547 1909 1573 una
1934 1534 2095 1573 domina

349 1606 409 1643 est
434 1603 542 1652 apud
569 1602 789 1642 Ciceronem
818 1600 1068 1649 similiaque).
1124 1613 1268 1639 numen
1301 1602 1360 1639 est
1387 1600 1537 1639 Gilbert
1562 1597 1712 1639 ‘Gesch
1738 1613 1775 1638 u.
1806 1596 1912 1648 Tap?
1933 1612 1976 1648 Ρ.
1999 1601 2095 1639 174.

470 1687 537 1735 16,
560 1686 626 1724 18.
669 1686 762 1724 Non
787 1685 875 1723 ouls
900 1695 986 1722 cum
1011 1684 1215 1728 Muellew,
1243 1684 1311 1722 sed
1343 1684 1406 1721 uls
1432 1694 1476 1722 eoe
1507 1683 1592 1722 ouis
1629 1678 1672 1736 (i.
1701 1695 1731 1722 e.
1756 1679 1898 1735 <o>vis
1931 1684 1991 1722 vel
2013 1665 2094 1737 ι313)

349 1752 595 1800 efficiendum
633 1762 712 1790 esse
748 1750 897 1788 monuit
921 1749 1103 1797 Lindsay
1141 1749 1188 1787 de
1221 1749 1245 1787 l.
1272 1749 1295 1787 l.
1322 1749 1393 1786 IX
1419 1749 1473 1787 56
1500 1745 1555 1799 (Ρ.
1585 1750 1670 1787 683
1693 1747 1830 1796 vers.).·
1867 1750 1914 1797 cf.
1942 1745 2096 1798 εΙνιάορ.

348 1814 522 1856 Forsch?
549 1817 634 1854 III
645 1829 688 1864 Ρ.
709 1817 814 1855 271.

472 1884 539 1931 17,
560 1883 597 1920 5.
629 1882 708 1920 Ρνο
734 1892 803 1933 are
827 1881 886 1919 vel
913 1892 983 1918 ara
1009 1881 1070 1918 est
1096 1874 1160 1932 (=
1188 1891 1257 1917 ara
1285 1873 1325 1932 ὀ)
1351 1880 1411 1918 vel
1436 1891 1506 1917 ara
1532 1879 1615 1918 eius
1647 1882 1708 1918 ten
1733 1879 1874 1924 132·thss
1899 1878 1964 1927 Sp.

474 1949 540 1996 17,
563 1949 599 1986 6.
635 1947 694 1994 Of.
714 1945 964 1994 Krumbieyel
982 1957 1024 1993 Ρ.
1049 1944 1113 1984 56.

471 2015 538 2062 17,
561 2014 627 2051 11.
663 2011 722 2061 Of.
742 2011 918 2050 Huelsen
942 2011 1051 2049 Mus.
1078 2010 1199 2048 Rhen.
1229 2009 1382 2048 XLIX
1404 2009 1560 2058 (1894)
1578 2022 1620 2058 Ρ.
1652 2011 1735 2048 414
1764 2012 1799 2048 et
1823 2004 2098 2059 ‘Realencyelf

347 2091 377 2117 3.
405 2078 629 2128 Apollinar,
654 2077 766 2116 Diels
791 2073 938 2125 ‘Sibyla
965 2071 1046 2114 Bi?
1066 2087 1108 2123 Ρ.
1137 2076 1204 2120 82,
1228 2077 1265 2126 1,
1289 2074 1532 2113 Studemund
1555 2075 1692 2114 Philol.
1715 2074 1794 2113 XL
1804 2075 1922 2114 VIII
1933 2086 1976 2123 Ρ.
1999 2075 2096 2119 174,

337 2142 453 2182 ⁴Aust
477 2144 513 2182 d.
540 2143 623 2182 aed.
648 2154 749 2181 sacr.
767 2154 810 2190 Ρ.
841 2142 907 2186 50,
926 2143 962 2179 1.

467 2209 559 2247 ibid.
592 2210 651 2247 est:
676 2207 888 2256 Apollinar
913 2207 969 2244 cis
995 2205 1175 2244 Mueller.

471 2274 627 2323 17,14.
667 2272 856 2311 Formam
892 2271 1119 2309 Instelanus
1156 2271 1326 2318 defendit
1362 2269 1521 2309 Sclevulze
1550 2282 1592 2319 Ρ.
1621 2271 1708 2310 182
1744 2271 1834 2308 adn.
1866 2271 1897 2309 2
1931 2269 2096 2318 neylecto

349 2340 561 2379 testimonio
589 2340 767 2387 epitomes
793 2331 1050 2390 (instegano)‚
1075 2336 1178 2383 quod
1200 2337 1451 2374 mutationem
1476 2336 1714 2374 lenissimam
1737 2336 1952 2383 confirmat.

471 2405 626 2453 18,12.
667 2404 896 2441 nominatae
930 2403 1171 2440 servavimus
1205 2413 1291 2439 eum
1324 2401 1514 2446 Vahleno;
1549 2400 1693 2439 dictum
1727 2402 1792 2444 est,
1827 2402 1871 2438 ut
1895 2397 2001 2438 ‘acta
2035 2402 2096 2438 est

355 2466 541 2509 Stichus’.

471 2535 538 2583 19,
560 2536 597 2573 3.
641 2528 892 2586 Aegypti(i)s
933 2532 1061 2572 Canai
1098 2534 1133 2571 et
1161 2531 1226 2580 Sp.
1255 2533 1469 2579 praeeunte
1502 2530 1552 2569 ab
1577 2530 1788 2582 Aegyptiis
1815 2531 2004 2568 Turnebo.
2038 2551 2088 2556 —

350 2600 588 2650 Arpocrates
619 2601 732 2637 unice
761 2610 896 2637 verum
921 2598 980 2637 W.
997 2597 1155 2637 Schulze
1184 2598 1229 2635 in
1252 2597 1405 2634 Kulinii
1429 2595 1513 2635 Act.
1539 2596 1611 2634 vol.
1634 2595 1842 2633 XXXIII
1855 2607 1897 2643 Ρ.
1917 2596 2007 2635 233
2015 2606 2093 2643 sqq.

351 2668 516 2704 tutatum
541 2676 620 2704 esse
644 2665 794 2703 monuit
815 2662 879 2702 Sk.
915 2662 973 2711 010.
994 2662 1200 2701 Friedrich
1225 2661 1278 2699 ad
1306 2659 1389 2700 Oai.
1417 2662 1515 2706 102,
1529 2663 1567 2699 4.

472 2737 539 2784 19,
559 2738 597 2774 4.
628 2738 740 2774 tutus
768 2730 844 2788 (vel
870 2729 1030 2786 cautus)
1057 2746 1144 2772 eam
1173 2732 1311 2771 Canai.
1337 2733 1598 2771 conticescam
1622 2730 1855 2770 Antonibon.
1896 2732 2094 2789 tacescam

351 2802 409 2840 vel
434 2803 676 2840 attacescam
701 2801 805 2839 Ellis
831 2801 854 2838 l.
880 2811 909 2837 3.
935 2811 965 2838 3.
1235 2831 1237 2833 .

472 2868 539 2917 19,
562 2868 598 2904 7.
639 2866 690 2904 ad
724 2867 885 2915 portum
919 2877 1004 2902 cum
1030 2864 1223 2902 Salmasio
1248 2861 1360 2900 multi
1391 2860 1453 2910 (ut
1483 2864 1576 2900 ante
1600 2863 1762 2911 portum
1793 2857 1888 2913 [pro
1914 2858 2090 2911 portam]

351 2932 498 2970 Daniel
523 2932 630 2979 apud
653 2930 798 2974 Serv.).·
824 2931 871 2978 cf.
901 2929 1029 2968 Oanal
1046 2941 1089 2976 Ρ.
1110 2929 1198 2966 366
1209 2939 1264 2976 sq.

473 2998 538 3046 19,
562 2997 614 3035 19
629 3007 707 3045 sqq.
742 2995 800 3044 Of.
829 2995 977 3034 Vahlen
1005 2993 1141 3042 opusc.
1169 2993 1278 3031 acad.
1305 2992 1363 3030 II
1375 3004 1417 3040 Ρ.
1441 2993 1537 3031 480.
