2176 3386
322 102 410 143 248
1012 102 1390 139 ADNOTATIONES

324 226 403 253 esse
420 214 602 262 nulloque
620 214 732 253 modo
752 226 838 253 cum
850 214 1067 263 Spenqeliis
1087 215 1239 253 admitti
1250 226 1368 264 posse
1385 215 1592 255 teriminus
1610 217 1670 255 vel
1689 217 1764 255 tale
1783 217 1877 265 quid
1892 219 1940 256 in
1952 217 2071 260 Latio
2146 220 2150 226 ’

324 280 479 325 dictum,
507 281 595 328 ipsa
623 291 684 318 res
711 282 848 318 monet.
876 301 931 305 —
960 281 1026 318 via
1051 276 1281 331 <pi-imum>
1306 280 1463 330 quidem
1488 281 1618 330 Lul9e
1642 282 1689 320 ele
1714 282 1801 330 eley.
1826 283 1870 321 in
1894 282 2070 322 Maecen.

322 346 415 383 sent.
442 346 606 383 controv.
631 346 776 382 iterum
801 345 903 383 male
929 348 1102 383 servato:
1133 357 1229 384 nam
1252 347 1350 383 item
1374 346 1434 384 vel
1457 347 1514 385 sic
1537 348 1761 394 requiritur.
1802 348 1869 386 via
1894 338 1958 386 sic'⁴
1974 348 2071 386 item

326 408 560 457 Grossmann
579 410 625 449 de
635 412 742 458 part.
763 411 916 458 quidem
931 422 973 458 p.
991 412 1058 448 14.
1094 409 1269 449 Ueterum
1288 411 1335 458 cf.
1350 411 1404 449 H.
1412 412 1608 459 Deyeriaiy
1622 408 1744 451 εΒενῑ.
1753 413 1850 461 phil.
1866 409 1941 451 W.'
1957 414 2070 451 1907

316 486 359 522 p.
389 475 503 513 1564
515 486 570 523 sq.

445 547 482 594 9,
499 547 553 584 10
563 557 618 594 sq.
651 545 700 583 ab
721 558 766 584 eo
785 542 876 597 <si>
897 547 967 595 qui
987 546 1188 584 Romanus
1208 546 1435 586 combustus
1453 549 1493 586 eb
1510 549 1551 585 in
1572 548 1795 598 sepulcrum
1815 548 1897 588 eius
1918 549 2072 588 abiecta

326 611 442 663 gleba
467 624 546 650 non
572 612 632 649 est
650 611 725 650 Wi.
739 632 797 637 —-
811 624 930 661 quom
955 613 1134 650 mortuos
1152 623 1229 659 pro
1255 612 1326 662 qui
1350 612 1552 652 Romanus
1570 613 1717 652 Vahlen
1738 613 1875 662 Opusc.
1894 614 1951 652 II
1967 616 2073 653 418.-

324 680 365 716 at
384 679 432 726 cf.
447 677 552 726 apud
571 677 770 716 Romanos
790 677 898 725 apud
910 677 1088 715 Plinium
1100 678 1152 716 N.
1166 678 1220 715 H.
1243 677 1332 716 VII
1345 670 1374 727 ἕ
1395 679 1481 716 187
1499 677 1552 726 (v.
1572 678 1707 717 Rolide
1723 679 1868 728 Psyche
1886 679 1917 717 I
1931 680 2002 725 28,
2014 679 2070 728 1).
2132 683 2148 695 ⁹

445 750 482 797 9,
506 749 571 786 14.
605 748 736 798 quoad
761 748 994 787 inhumatus
1021 748 1074 787 sit
1099 760 1186 787 eum
1212 749 1305 788 aliis
1329 750 1444 788 etiam
1462 749 1556 787 Keil
1578 750 1623 788 in
1647 761 1679 787 r.
1698 762 1731 788 r.
1757 750 1790 788 I
1811 753 1848 794 1,
1864 751 1891 788 3
1908 761 1952 798 p.
1975 751 2012 788 6.

444 815 482 862 9,
505 815 571 852 16.
602 814 657 852 In
669 814 795 852 verbis
807 814 950 863 humor
967 814 1069 852 hinc.
1101 815 1238 863 itaque
1251 814 1340 853 ideo
1353 815 1434 853 noli
1446 815 1622 853 haerere:
1635 816 1683 863 cf.
1692 815 1943 864 Krumbieyel
1947 828 1990 864 p.
2004 817 2030 854 6
2033 817 2071 854 θ.

445 881 482 928 9,
505 880 570 917 19.
604 875 803 930 quamvis]
831 879 991 928 quaeris
1020 879 1107 925 Wi‚·
1132 880 1179 927 cf.
1200 879 1331 918 Reiter
1349 892 1392 927 p.
1415 881 1511 918 119.

445 952 482 1000 9,
505 952 556 988 21
574 962 627 997 sq.
659 953 706 988 ut
729 945 929 1001 <putant>
955 949 1113 988 Puteoli
1141 950 1207 989 Wi
1231 962 1318 989 cum
1341 950 1408 999 Sp.
1444 995 1451 998 ,

446 1017 512 1064 10,
535 1018 570 1053 1.
603 1015 664 1054 De
688 1015 880 1053 incircum
906 1016 954 1062 ef.
976 1017 1134 1062 praeter
1157 1016 1370 1054 Handium·
1390 1016 1522 1055 Reiter
1540 1029 1582 1064 p.
1606 1017 1660 1054 69
1687 1017 1797 1062 adn„
1822 1017 2072 1067 Krwmbieyel

316 1094 359 1130 p.
385 1082 455 1126 24,
480 1080 643 1119 Skutsch
667 1082 776 1119 Mus.
797 1081 919 1119 Rhen.
940 1080 1056 1118 LXI
1067 1093 1110 1129 p.
1135 1082 1217 1119 613
1243 1081 1334 1119 adn.
1354 1083 1393 1120 2.

445 1148 512 1195 10,
533 1147 570 1184 6.
611 1146 705 1184 Noli
730 1147 777 1185 cle
793 1146 1015 1195 -cupilucos
1041 1147 1207 1194 coyitare
1242 1158 1329 1184 cum
1352 1146 1557 1185 Ribbeckio
1589 1149 1659 1185 aut
1683 1147 1729 1185 de
1762 1147 1961 1198 luciputos
1985 1158 2072 1186 cwm

324 1212 465 1250 Ellisio
476 1211 677 1251 Hermath.
690 1212 762 1250 XI
762 1224 804 1260 p.
818 1212 925 1250 354.-
943 1212 1059 1250 immo
1077 1223 1216 1250 nomen
1236 1213 1373 1250 comice
1392 1212 1580 1250 detortum
1599 1223 1644 1250 επ
1662 1211 1863 1261 puticulis.
1898 1211 2072 1251 Ceterum

323 1277 517 1316 Afranius
542 1278 584 1315 in
610 1278 765 1328 Togata
792 1274 859 1328 (cf.
880 1277 981 1315 Hor.
1006 1279 1078 1315 sat.
1104 1277 1136 1314 I
1154 1278 1195 1322 2,
1218 1278 1283 1315 63.
1311 1272 1387 1327 82)
1412 1276 1656 1315 scribendum
1682 1287 1761 1315 esse
1786 1279 1821 1315 et
1842 1277 1910 1315 hoc
1934 1277 2013 1315 loeo
2039 1279 2074 1316 et

325 1343 432 1391 apud
460 1342 630 1382 Gellium
657 1343 742 1380 XX
767 1344 804 1388 6,
828 1343 852 1380 5
877 1337 964 1395 (ubi
990 1344 1110 1381 exstat
1134 1343 1236 1380 inter
1260 1341 1467 1380 Terentius
1493 1342 1534 1380 in
1560 1341 1796 1381 Phormione
1823 1344 1858 1381 et
1880 1341 2071 1380 Laberius

322 1409 364 1445 in
390 1403 700 1460 Necyomantia)
719 1410 811 1456 post
827 1408 1047 1447 Funceium
1072 1409 1222 1446 monuit
1243 1407 1389 1457 Teuffel
1413 1403 1477 1459 (in
1493 1410 1786 1456 proyrammate
1805 1407 1851 1446 de
1863 1403 2070 1456 Afranio),

323 1474 424 1522 quod
447 1474 550 1522 fugit
575 1477 608 1512 et
626 1474 878 1513 Ribbeckium
903 1476 938 1512 et
961 1474 1071 1512 alios.
1112 1473 1207 1512 Vide
1232 1473 1347 1512 etiam
1363 1485 1407 1520 p.
1437 1473 1503 1517 65,
1526 1475 1551 1510 4
1578 1468 1666 1523 (ubi
1685 1473 1840 1523 Togata
1865 1474 2071 1523 praetexta

317 1550 393 1587 pro
418 1540 446 1576 t.
473 1553 511 1589 p.
530 1538 840 1587 proposuimus).

446 1611 511 1658 10,
534 1613 600 1649 16.
651 1610 743 1648 Non
775 1611 859 1648 sine
889 1610 1083 1657 voluptate
1122 1609 1312 1648 Varronis
1347 1609 1508 1648 editores
1547 1609 1721 1657 leyerunt
1760 1610 1953 1658 leyentque
1985 1610 2070 1655 alii,

323 1676 424 1722 quod
452 1675 603 1725 Osthoff
621 1676 777 1723 scripsit
800 1676 843 1713 in
868 1686 1033 1713 censura
1058 1675 1149 1713 libri
1174 1675 1314 1723 eqreqii
1338 1686 1449 1722 quem
1476 1674 1582 1712 Guil.
1606 1673 1766 1713 Schulze
1790 1675 2001 1723 composuit
2024 1675 2071 1713 de

323 1742 544 1780 nominibus
575 1742 752 1789 propriis
782 1741 916 1779 latinis
950 1736 1057 1779 ‘Litt
1094 1737 1359 1779 Oentralblatt'
1394 1752 1430 1778 a.
1459 1740 1574 1778 1905
1598 1752 1641 1788 p.
1676 1740 1776 1778 827.-
1807 1740 1906 1789 „Mit
1943 1740 2070 1778 einem

323 1820 389 1845 am
421 1807 480 1845 als
512 1806 581 1845 der
607 1803 764 1857 amba),
796 1807 908 1844 ambo
934 1819 991 1856 gr.
1017 1802 1140 1856 ἀμφί,
1172 1802 1291 1856 ἄμφω
1317 1805 1406 1843 ahd.
1431 1806 1540 1844 umbi
1571 1819 1619 1843 zu
1644 1805 1956 1844 enbnehmenden
1989 1805 2070 1843 ein-

274 1875 291 1885 ⁶
324 1872 465 1910 fachen
484 1867 756 1920 Praefixform,
776 1871 839 1910 die
864 1871 984 1909 nach
1011 1870 1212 1908 Schulze
1239 1869 1277 1908 S.
1300 1871 1380 1908 541
1391 1871 1437 1919 ἱ,
1463 1871 1539 1908 wie
1564 1870 1606 1908 in
1631 1871 1800 1916 amicire,
1825 1882 1867 1909 so
1887 1883 1966 1908 nun
1987 1872 2069 1909 ent·

324 1936 584 1987 sprechender
609 1936 741 1975 Weise
777 1936 878 1975 auch
913 1937 956 1974 in
991 1935 1079 1974 dem
1103 1935 1141 1974 N
1144 1948 1258 1974 amen
1293 1935 1361 1973 der
1395 1948 1460 1974 am
1485 1934 1676 1975 Aternum
1711 1936 1927 1986 gelegenen
1953 1933 2070 1974 Stadt

323 2002 571 2041 Amiternum
597 2015 646 2040 zu
671 2002 815 2040 suchen
841 2002 911 2050 sei,
942 2002 1148 2051 operieren
1179 2001 1298 2039 auch
1329 2001 1473 2039 sehon
1498 2000 1540 2039 F.
1563 1999 1800 2039 Gustafsson
1826 2000 1931 2038 Bull.
1957 2000 2004 2039 de
2029 2000 2070 2038 la

324 2081 398 2107 soc.
437 2068 616 2119 linguist.
657 2069 709 2105 12
739 2061 893 2120 (1902)
933 2080 971 2117 p.
997 2066 1144 2105 LXVf.
1182 2065 1263 2104 und
1299 2065 1536 2117 neuerdings
1574 2066 1621 2103 A.
1648 2066 1829 2116 Diihring
1865 2065 2069 2103 Wolfflins

324 2133 472 2172 Archiv
501 2135 566 2184 14,
590 2131 708 2172 138“.
750 2132 923 2171 Ueterum
950 2131 1110 2171 Schulze
1144 2132 1333 2171 Varronis
1358 2143 1436 2169 non
1460 2133 1660 2170 immemor
1683 2133 1771 2180 fuit.

446 2207 512 2254 10,
536 2205 601 2243 18.
634 2200 770 2256 aliter]
796 2205 878 2242 scil.
906 2216 1024 2253 quam
1051 2216 1126 2252 par
1151 2204 1210 2241 est
1236 2203 1299 2240 vel
1325 2202 1463 2240 decet?
1488 2197 1625 2255 (aliter
1650 2204 1770 2251 atque
1796 2201 1907 2240 decet
1933 2201 2068 2251 ambit,

326 2283 372 2307 ex
392 2269 545 2308 ambitu
558 2270 778 2308 Mommsen
797 2265 991 2308 ‘Staatsrf
1013 2268 1043 2306 I
1047 2263 1063 2288 ‘⁹’
1073 2280 1116 2316 p.
1140 2269 1231 2306 478
1250 2268 1340 2306 adn.
1362 2268 1415 2306 ad
1437 2268 1665 2306 sententiam
1683 2261 1810 2320 recte).
1843 2267 1912 2316 qui
1931 2262 2069 2318 (avi)-

325 2335 428 2373 diter
453 2330 530 2387 (vel
555 2329 855 2387 <speci>aliter)
883 2334 981 2373 facit
1005 2334 1162 2372 Sclioell.
1191 2355 1241 2359 —
1270 2332 1510 2383 indagabilis
1535 2332 1627 2371 Scal
1654 2328 1825 2382 (videtur
1857 2333 1983 2371 Varro
2008 2332 2067 2370 in-

325 2400 501 2451 dagabili
526 2401 722 2444 adiecisse,
757 2402 850 2448 quia
876 2395 984 2438 ‘raro
1018 2399 1119 2437 illud
1143 2399 1271 2442 datur,
1304 2400 1348 2436 ut
1373 2399 1504 2446 possis
1535 2398 1803 2436 liberalitatem
1828 2400 1940 2446 atque
1966 2398 2067 2436 beni-

321 2467 507 2514 ynitatem
534 2466 582 2503 ab
608 2466 757 2504 ambitu
782 2468 894 2513 atque
920 2466 1125 2513 largitione
1148 2459 1360 2512 seiimyere'
1387 2461 1490 2511 [Cic.
1517 2463 1553 2501 d.
1580 2474 1634 2501 or.
1660 2463 1716 2500 II
1740 2462 1825 2501 105
1820 2461 1878 2511 J).
2080 2461 2082 2463 ’

452 2538 519 2585 10,
540 2537 596 2575 20
606 2547 659 2584 sq.
700 2535 918 2584 Antiquum
942 2537 1010 2574 hoc
1033 2536 1286 2583 veriloquium
1309 2534 1493 2573 Nissenio
1512 2534 1569 2571 II
1580 2546 1623 2582 p.
1646 2534 1731 2572 544
1757 2535 1890 2575 tribuit
1911 2533 2070 2573 Seliulze

325 2601 348 2638 l.
368 2611 399 2638 s.
419 2612 448 2638 s.
467 2611 512 2647 p.
535 2600 618 2638 569
646 2600 737 2638 adn.
760 2602 796 2639 7.

446 2667 513 2714 10,
530 2666 596 2703 21.
629 2677 707 2714 qua
727 2666 841 2703 etiam
852 2664 1070 2714 Altenbury
1090 2665 1135 2703 de
1154 2676 1267 2703 serm.
1280 2665 1370 2713 ped.
1391 2668 1454 2704 etc.
1475 2664 1586 2713 (sent.
1606 2664 1801 2713 controv),
1826 2665 1914 2703 item
1935 2663 2067 2704 Groth.

326 2731 420 2780 quia
444 2730 525 2769 noli
547 2730 712 2768 scribere
736 2742 822 2768 cwm
842 2730 994 2775 Ellisio,
1012 2741 1089 2778 pro
1109 2742 1181 2777 quo
1210 2731 1335 2769 Varro
1355 2730 1461 2780 quod
1472 2741 1620 2778 ponere
1639 2732 1851 2768 consuevit:
1875 2730 1922 2777 cf.
1936 2730 2065 2778 praef.

325 2795 519 2844 Spenyelii
537 2807 580 2843 p.
599 2794 780 2833 LXVII
801 2797 835 2833 et
858 2796 950 2834 Keil
973 2797 1015 2833 in
1040 2807 1072 2833 r.
1097 2807 1129 2833 r.
1155 2795 1238 2833 III
1261 2798 1328 2840 16,
1350 2797 1406 2834 19
1423 2807 1467 2842 p.
1487 2796 1585 2834 291.

448 2863 514 2908 11,
536 2861 573 2898 9.
609 2859 668 2908 Of.
697 2859 738 2899 0.
759 2861 986 2909 Hirschfeld
1010 2861 1146 2899 Herm.
1175 2861 1292 2900 VIII
1303 2874 1347 2908 p.
1369 2862 1465 2899 469.

448 2928 514 2974 11,
538 2928 604 2964 11.
641 2925 720 2963 Pro
745 2927 925 2964 austrum
950 2927 1051 2974 quod
1075 2926 1227 2964 Eurum
1250 2926 1352 2964 Rhol
1380 2926 1534 2972 scripsit
1557 2937 1644 2964 cwm
1667 2925 1719 2969 B,
1744 2925 1787 2963 iel
1816 2925 1963 2972 falsum
1989 2935 2067 2963 esse

326 2993 431 3030 (locet
454 2991 593 3029 Strabo
612 2990 669 3027 II
681 3003 725 3038 p.
748 2993 851 3028 111:
877 2992 924 3039 ef.
943 2983 1041 3029 Keil
1059 2992 1112 3030 ad
1139 2991 1254 3029 Varr.
1280 2991 1326 3029 cle
1350 3003 1392 3030 re
1415 3004 1446 3029 r.
1466 3002 1509 3038 p.
1532 2992 1568 3029 9.
