2176 3386
289 624 334 655 42

287 1052 334 1084 43

366 150 422 191 14
994 148 1060 184 DE
1085 148 1270 184 LINGVA
1294 148 1475 184 LATINA

362 258 478 300 tibus
511 272 618 312 quos
656 260 807 313 postea
837 257 940 299 urbs
971 258 1106 299 muris
1138 257 1479 313 comprehendit3
1517 273 1538 300 e
1571 258 1666 312 quis
1700 256 1990 312 Capitolinum
2021 257 2106 300 die-

362 332 466 384 tum,
498 329 613 384 quod
650 329 733 383 hio,
766 343 861 370 cum
899 328 1177 376 fundamenta
1213 328 1462 370 foderentur
1493 328 1608 370 aedis
1639 327 1766 384 Iovis,
1798 331 1927 383 caput
1952 329 2106 372 huma-

361 415 464 442 num
503 400 660 443 dieitur
696 399 930 441 inventum.
992 398 1132 454 hi[n]c
1169 413 1293 441 mons
1331 401 1429 441 ante
1461 399 1669 455 Tarpeius
1707 399 1846 442 dictus
1877 415 1903 442 a
1939 401 2106 456 virgine

362 471 535 513 Vestale
567 470 758 525 Tarpeia,
791 484 899 525 quae
936 470 997 511 ibi
1037 470 1089 512 ab
1124 469 1294 512 Sabinis
1334 473 1483 512 necata
1521 471 1650 512 armis
1681 473 1724 513 et
1760 471 1945 526 sepulta:
1984 472 2105 515 cuius

361 543 548 584 nominis
580 542 890 583 monimentum
921 540 1133 596 relictum,
1165 541 1279 596 quod
1311 541 1441 586 etiam
1472 556 1586 584 nunc
1610 541 1700 584 eius
1725 557 1851 597 rupes
1877 541 2106 597 Tarpeium
2143 558 2159 585 5

362 614 601 668 appellatur
645 626 805 654 saxum.
873 611 988 654 hunc
1031 615 1155 654 antea
1191 614 1382 654 montem
1421 611 1669 654 Saturnium
1707 614 1970 668 appellatum
2010 627 2107 667 pro-

362 684 560 726 diderunt
586 686 628 725 et
653 683 706 725 ab
733 698 782 726 eo
808 672 894 725 late
921 682 1166 725 Saturniam
1192 685 1362 738 terram,
1386 685 1435 725 ut
1461 683 1590 726 etiam
1614 682 1781 725 Ennius
1801 683 1936 738 (Arm.
1953 681 2106 739 25112)
2152 699 2154 701 ’

362 757 560 810 appellat.
623 755 849 809 antiquum
889 754 1096 810 oppidum
1134 753 1180 795 in
1216 754 1298 797 hac
1335 754 1468 797 fuisse
1502 753 1702 796 Saturnia
1743 754 1954 797 scribitur.
2016 755 2106 797 eius

361 827 545 882 vestigia
589 826 717 868 etiam
761 840 876 868 nunc
913 828 1087 868 manent
1128 826 1224 881 tria,
1263 826 1376 880 quod
1416 824 1588 868 Saturni
1631 826 1778 867 fanum
1817 826 1863 868 in
1897 825 2107 881 faucibus,

362 897 478 953 quod
511 896 711 939 Saturnia
741 900 867 951 porta
900 911 1027 952 quam
1059 895 1207 938 Iunius
1240 897 1290 951 (I
1310 912 1355 951 p.
1375 900 1432 939 38
1451 897 1643 952 Bremer)
1677 896 1825 939 scribit
1861 897 1941 952 ibi,
1979 911 2106 952 quam
2125 913 2161 940 10

361 983 474 1011 nunc
499 970 654 1010 vocant
678 967 936 1023 Pandanam,
963 968 1078 1022 quod
1109 970 1208 1022 post
1239 968 1384 1010 aedem
1411 967 1583 1010 Saturni
1613 960 1659 1009 in
1686 968 1978 1010 aedificiorum
2002 967 2107 1023 legi-

358 1041 439 1082 bus
476 1039 658 1096 privatis
696 1039 880 1094 parietes
913 1039 1085 1094 ‘postici
1116 1039 1244 1081 muri'
1279 1039 1379 1081 sunt
1417 1039 1578 1094 scripti.
1640 1038 1902 1082 Aventinum
1940 1038 2107 1094 aliquot

361 1112 410 1153 de
442 1111 582 1154 causis
614 1110 762 1152 dicunt
793 1109 971 1165 (Fumi.
998 1124 1042 1163 p.
1067 1110 1177 1165 115).
1240 1109 1486 1165 N<a>evius
1520 1110 1710 1165 (XXVI
1739 1110 1788 1152 L.
1814 1110 1901 1165 M.)
1934 1110 1988 1152 ab
2020 1109 2105 1152 avi·

360 1183 454 1239 bus,
485 1182 600 1237 quod
632 1196 681 1224 eo
708 1195 752 1223 se
778 1173 830 1223 ab
857 1180 1002 1223 Tiberi
1033 1182 1195 1223 ferrent
1226 1196 1338 1236 aves,
1371 1181 1444 1223 alii
1476 1181 1531 1223 ab
1558 1195 1657 1237 rege
1683 1180 1896 1223 Aventino
1922 1179 2106 1236 Albano,

361 1253 477 1308 quod
507 1253 627 1308 <ibi>
659 1252 715 1295 sit
752 1253 966 1308 sepultus,
998 1253 1070 1294 alii
1102 1251 1365 1294 Aventinum
1404 1252 1457 1294 ab
1495 1253 1680 1294 adventu
1716 1252 1959 1307 hominum,
1991 1251 2107 1307 quod
2125 1267 2159 1294 15

360 1324 640 1380 co<m>mune
671 1324 923 1366 Latinorum
957 1323 1017 1365 ibi
1050 1323 1212 1365 Dianae
1243 1323 1452 1379 templum
1485 1324 1541 1366 sit
1572 1324 1864 1371 constitutum.
1914 1337 1994 1379 ego
2019 1337 2107 1364 ma-

359 1396 471 1438 xime
503 1398 622 1450 puto,
683 1395 769 1437 uod
801 1395 854 1436 ab
887 1395 1083 1436 advectu:
1121 1409 1219 1436 nam
1254 1395 1357 1436 olim
1388 1395 1619 1451 paludibus
1650 1409 1772 1437 mons
1804 1397 1894 1436 erat
1925 1394 1978 1436 ab
2009 1393 2105 1436 reli—

361 1467 457 1522 quis
485 1466 706 1508 disclusus.
756 1466 901 1521 itaque
926 1480 975 1507 eo
1003 1481 1054 1508 ex
1079 1466 1185 1508 urbe
1217 1465 1536 1508 advehebantur
1559 1466 1734 1521 ratibus,
1766 1466 1886 1509 cuius
1910 1464 2105 1522 vestigia,

481 1600 498 1630 1
530 1595 584 1639 Of.
600 1595 694 1630 Serv.
710 1596 812 1630 Dan.
833 1596 875 1630 iu
888 1595 979 1630 Aen.
1002 1595 1101 1630 VIII
1120 1597 1211 1638 345;
1236 1595 1327 1630 Isid.
1343 1595 1384 1630 X
1392 1596 1427 1630 V
1439 1597 1475 1638 2,
1490 1597 1534 1629 31
1542 1608 1556 1638 ;
1582 1596 1630 1630 al.
1651 1596 1661 1640 ΙΙ
1685 1598 1708 1629 4
1735 1595 1789 1639 Of.
1806 1594 1903 1630 Fest.
1919 1593 2021 1636 343b,
2038 1595 2106 1637 17;

359 1645 442 1679 Liv.
462 1644 490 1678 I
506 1647 563 1686 11,
583 1646 712 1688 6sqq.;
738 1643 818 1678 Val.
835 1643 941 1678 Max.
963 1643 1029 1678 IX
1047 1645 1082 1686 6,
1101 1645 1144 1685 1,·
1169 1642 1265 1678 Serv.
1293 1643 1334 1677 iu
1354 1643 1445 1677 Aen.
1467 1643 1571 1678 VIII
1591 1645 1681 1686 348,
1707 1646 1748 1678 ut
1773 1643 1865 1678 alios
1889 1642 2075 1677 mittamus
2093 1641 2106 1686 ΙΙ

361 1694 381 1725 6
394 1702 467 1736 sqq.
490 1691 544 1734 Cf.
558 1690 654 1726 Fest.
668 1690 770 1734 322b,
783 1693 831 1725 24
840 1701 913 1735 sqq.
940 1689 1129 1735 (Saturnia
1147 1689 1258 1724 Italia
1277 1690 1315 1724 et
1333 1701 1438 1724 mons
1459 1690 1524 1735 qui
1542 1701 1640 1724 nunc
1660 1691 1717 1724 est
1731 1688 1962 1734 Capitolinus
1977 1687 2104 1723 Satur-

359 1738 444 1773 nius
464 1737 759 1783 appellabatur);
778 1737 874 1773 Serv.
889 1738 992 1773 Dau.
1006 1738 1047 1772 iu
1063 1738 1152 1772 Aen.
1163 1737 1268 1772 VIII
1281 1739 1355 1773 328
1361 1751 1375 1780 ,·
1400 1737 1556 1783 Dionys.
1572 1737 1661 1772 Hal.
1683 1738 1709 1772 Ι
1724 1740 1836 1780 34,1,·
1860 1736 1994 1772 lustin.
2008 1738 2068 1778 43,
2082 1739 2103 1770 1

360 1786 501 1831 (itaque
526 1785 638 1820 Italia
662 1785 762 1830 regis
786 1784 937 1820 nomine
963 1783 1139 1819 Saturnia
1166 1784 1357 1829 appellata
1382 1786 1420 1819 et
1444 1795 1550 1819 mons
1581 1784 1621 1818 in
1646 1795 1719 1829 quo
1752 1782 1951 1819 habitabat
1976 1782 2104 1817 Satur—

359 1834 479 1878 nius);
499 1833 611 1869 Soliu.
627 1834 654 1867 I
669 1835 714 1867 13
742 1834 919 1877 (montem
942 1830 1195 1877 Capitolinum
1216 1832 1431 1867 Saturnium
1456 1832 1750 1867 nominaverunt.
1789 1830 1936 1866 castelli
1955 1840 2104 1875 quoque

359 1881 459 1925 quod
491 1880 747 1916 excitaverunt
778 1882 925 1924 portam
956 1879 1240 1924 appellaverunt
1273 1879 1498 1924 Saturniam,
1530 1890 1626 1924 quae
1658 1879 1896 1924 postmodum
1922 1877 2104 1912 Pandana

358 1928 524 1963 vocitata
544 1929 634 1971 est);
656 1928 803 1963 Tertull.
820 1929 972 1974 Apoloy.
988 1928 1029 1962 X
1035 1940 1048 1970 ;
1073 1927 1123 1962 ad
1141 1931 1217 1962 nat.
1237 1927 1285 1962 II
1304 1930 1351 1963 12
1370 1928 1488 1971 (mons
1508 1937 1618 1972 quem
1638 1926 1804 1962 coluerat
1823 1926 1884 1973 [sc.
1906 1924 2103 1971 Saturnus]

360 1975 554 2011 Saturnius
581 1975 720 2020 dictus,
745 1974 835 2010 urbs
861 1987 974 2019 quam
1000 1974 1239 2019 depalaverat
1265 1974 1440 2009 Saturnia
1463 1984 1581 2019 usque
1606 1985 1706 2009 nunc
1731 1975 1803 2018 est3
1836 1974 1921 2008 tota'
1942 1972 2104 2017 denique

358 2023 470 2058 Italia
484 2023 530 2058 de
551 2022 710 2058 Saturno
729 2022 946 2068 vocabatur)
966 2024 976 2068 Η
998 2025 1016 2056 7
1040 2022 1093 2066 Of.
1112 2022 1214 2057 Ovid.
1229 2022 1331 2057 Fast.
1355 2022 1414 2057 VI
1427 2024 1471 2056 31
1493 2023 1503 2067 ΙΙ
1525 2025 1568 2056 10
1590 2021 1644 2065 Of.
1660 2021 1758 2057 Fest.
1772 2022 1889 2057 Pauli
1906 2023 1991 2064 220,
2005 2022 2053 2055 17
2072 2024 2105 2055 et

358 2083 389 2107 v.
416 2072 466 2106 ad
492 2074 515 2106 6
549 2071 559 2116 ΙΙ
595 2074 638 2105 13
652 2082 724 2115 sqq.
759 2070 812 2113 Cf.
839 2070 936 2106 Serv.
963 2071 1005 2105 iu
1030 2071 1121 2105 Aen.
1156 2070 1235 2105 VII
1258 2072 1349 2105 657:
1373 2069 1580 2104 Aventinus
1611 2080 1716 2104 mons
1742 2068 1845 2104 urbis
1870 2068 2011 2103 Romae
2035 2068 2102 2110 est,

359 2129 470 2163 quem
496 2119 644 2154 constat
675 2117 722 2153 ab
749 2117 878 2152 avibus
905 2128 984 2153 esse
1010 2116 1255 2160 nominatum,
1282 2127 1378 2161 quae
1404 2117 1451 2152 de
1476 2116 1603 2152 Tiberi
1628 2117 1870 2152 ascendentes
1895 2115 1974 2151 illic
1999 2114 2104 2150 sede-

358 2166 451 2201 bant
478 2193 485 2201 .
514 2194 521 2200 .
550 2193 557 2200 .
584 2166 739 2210 quidam
774 2165 889 2200 etiam
923 2175 988 2199 rex
1012 2164 1271 2210 Aboriginum,
1297 2164 1504 2199 Aventinus
1535 2164 1697 2208 nomine,
1728 2163 1808 2199 illic
1833 2165 1871 2198 et
1896 2163 2039 2198 occisus
2066 2162 2103 2196 et

360 2213 527 2258 sepultus
554 2215 622 2256 est,
648 2213 745 2248 sicut
771 2212 885 2248 etiam
910 2212 1139 2247 Albanorum
1165 2222 1229 2246 rex
1253 2211 1471 2255 Aventinus,
1498 2212 1558 2246 eui
1584 2211 1762 2247 successit
1785 2210 1934 2246 Procas.
1984 2210 2102 2245 Varro
2124 2245 2127 2247 .

359 2263 492 2296 tamen
512 2260 605 2296 dicit
630 2261 669 2295 in
695 2261 807 2306 gente
838 2260 969 2305 populi
994 2259 1154 2295 Romani
1185 2259 1253 2305 [ef.
1280 2260 1468 2295 Fraeearo
1492 2259 1587 2294 stud.
1622 2259 1775 2295 Vmon.
1802 2258 1901 2304 285]
1907 2285 1918 2301 ,
1945 2256 2101 2292 Sabinos

360 2321 382 2344 a
406 2308 564 2343 Romulo
591 2309 782 2353 susceptos
807 2308 923 2343 istum
949 2307 1136 2352 accepisse
1160 2308 1342 2351 montem,
1369 2317 1480 2351 quem
1505 2306 1552 2341 ab
1578 2306 1721 2342 Avente
1751 2305 1863 2341 fluvio
1887 2304 2102 2350 provinciae

360 2366 447 2391 suae
466 2356 694 2390 Aventinum
713 2355 1007 2400 appellaverunt.
1053 2355 1201 2390 constat
1219 2365 1307 2399 ergo
1327 2354 1448 2388 varias
1472 2354 1542 2389 has
1562 2353 1756 2398 opiniones
1780 2354 1912 2398 postea
1937 2353 2101 2395 secutas,

359 2414 447 2438 nam
480 2414 502 2437 a
532 2403 719 2448 principio
744 2403 950 2438 Aventinus
983 2403 1040 2437 est
1072 2402 1193 2436 dictus
1220 2401 1267 2436 ab
1300 2400 1429 2436 avibus
1454 2401 1515 2436 vel
1541 2411 1563 2436 a
1592 2412 1680 2447 rege
1705 2400 1970 2446 Aboriginum:
2001 2399 2102 2434 unde

358 2451 457 2485 hunc
482 2450 653 2486 Herculis
683 2450 804 2485 filium
829 2452 977 2485 constat
1007 2460 1142 2485 nomen
1167 2460 1190 2483 a
1213 2450 1340 2484 monte
1367 2449 1574 2494 accepisse,
1599 2459 1675 2483 non
1700 2448 1735 2483 ei
1759 2447 1992 2493 praestitisse
2023 2447 2104 2492 (ubi

358 2500 401 2534 iu
418 2510 531 2545 mary.
553 2499 638 2533 add.
659 2499 735 2533 cod.
756 2499 889 2534 Tmou.
903 2498 1025 2544 [uum
1037 2497 1193 2543 BernJ:
1211 2496 1365 2541 quidam
1384 2496 1610 2531 Aventinum
1630 2495 1862 2541 appellatum
1882 2506 1905 2530 a
1922 2494 2102 2537 vehendo,

359 2545 460 2591 quod
485 2557 593 2580 omne
619 2545 739 2581 solum
765 2545 864 2580 circa
887 2545 1011 2590 ipsum
1035 2545 1201 2580 montem
1226 2544 1429 2589 stagnabat
1453 2545 1490 2578 et
1514 2543 1587 2578 nisi
1612 2543 1794 2578 naviculis
1821 2543 1870 2577 ad
1894 2554 1980 2577 eum
1998 2552 2103 2577 acce—

360 2594 446 2628 dere
471 2605 544 2628 non
570 2594 746 2638 poterant
770 2593 927 2628 incolae.
975 2592 1043 2628 alii
1067 2592 1115 2627 ab
1141 2591 1424 2627 advenientibus
1453 2590 1612 2634 Sabinis,
1638 2590 1703 2636 qui
1729 2590 1911 2635 templum
1935 2589 1990 2625 ibi
2015 2600 2100 2625 con-

359 2641 571 2686 diderunt);
595 2642 752 2686 August.
779 2641 822 2676 de
845 2641 910 2676 civ.
938 2641 972 2676 d.
1000 2639 1152 2675 XVIII
1169 2641 1217 2675 21
1250 2640 1331 2684 (1100
1357 2649 1402 2674 ex
1427 2639 1506 2673 eius
1531 2638 1713 2674 vocabulo
1739 2637 1973 2683 appellatum
1997 2647 2101 2671 mon-

358 2690 446 2732 tem,
473 2688 538 2722 sed
564 2699 608 2722 ex
634 2689 796 2723 adventu
822 2687 946 2723 avium
973 2687 1115 2722 dictum
1136 2686 1377 2731 Aventinum)
1385 2700 1398 2730 ;
1418 2687 1519 2732 Very.
1534 2687 1627 2722 Aen.
1647 2686 1753 2720 VIII
1759 2687 1959 2721 231-235
1961 2698 1975 2728 ,·
1997 2683 2100 2719 ovid.

360 2736 449 2772 Met.
471 2736 576 2770 XIV
592 2738 666 2771 620
677 2747 728 2780 sq.
736 2749 750 2779 ;
775 2736 880 2771 Fast.
900 2735 965 2779 IV
980 2738 1025 2771 51
1034 2746 1106 2779 sq.‚·
1132 2735 1214 2769 Liv.
1235 2735 1263 2769 I
1277 2737 1311 2778 3,
1331 2737 1375 2778 9,·
1400 2734 1556 2780 Dionys.
1578 2734 1667 2769 Hal.
1688 2734 1715 2768 I
1731 2736 1789 2776 71,
1807 2735 1851 2776 4;
1879 2732 1938 2768 Or.
1958 2743 2036 2778 9οη.
2051 2730 2099 2766 R.

359 2786 419 2827 18,
440 2786 482 2827 5,·
508 2784 612 2819 Laet.
634 2784 724 2819 Inst.
751 2784 777 2818 I
800 2787 857 2826 11,
877 2785 925 2818 59
933 2796 946 2826 ,·
971 2782 1068 2818 Fest.
1090 2783 1207 2817 Pauli
1230 2785 1290 2826 19,
1309 2785 1332 2816 4
1357 2781 1530 2829 (quo<d>
1555 2780 1610 2816 ibi
1634 2790 1699 2815 rex
1723 2780 1954 2815 Albanorum
1978 2780 2100 2814 Aven-

358 2831 459 2866 tinus
485 2830 585 2865 bello
610 2830 723 2865 fuerit
748 2830 932 2865 extinctus
958 2832 1071 2874 atque
1097 2828 1277 2874 sepultus)

479 2953 496 2983 1
525 2948 742 2995 cophendit-
769 2948 844 2993 Eqs
870 2947 913 2994 (E
938 2949 980 2983 iu
1005 2948 1079 2984 loco
1098 2948 1196 2992 raso)
1222 2947 1430 2993 capitolini}
1449 2947 1553 2983 dictr'i
1581 2949 1628 2991 (v.
1652 2947 1756 2991 adu.)
1782 2947 1794 2991 ΙΙ
1818 2948 1839 2979 2
1865 2949 1949 2981 aute
1974 2943 2099 2980 Iouis-¹

358 2997 493 3032 lineola
518 2997 633 3032 deleta
670 2998 680 3042 11
717 2999 739 3031 4
765 2996 906 3031 sauinis
943 2997 954 3041 ΙΙ
992 2999 1012 3030 6
1039 2995 1208 3031 saturnia
1234 2996 1317 3040 (sic)
1350 2997 1361 3041 Η
1398 2997 1419 3030 8
1443 2994 1668 3040 Antiquum,
1692 2994 1726 3028 A
1749 2994 1791 3028 in
1815 2993 1890 3029 loco
1914 3003 1998 3028 raso
2026 2992 2031 3039 Ι
2058 2991 2099 3026 111

357 3044 428 3079 1100
453 3044 478 3079 f.
506 3043 719 3079 Saturniam
744 3055 765 3079 v
790 3045 801 3089 ΙΙ
827 3047 871 3078 14
895 3042 1019 3088 tyberi
1045 3044 1056 3089 ΙΙ
1082 3045 1125 3078 15
1150 3044 1260 3088 suppl
1284 3044 1380 3078 Laet
