<?xml version="1.0" encoding="UTF-8"?>
<!DOCTYPE html PUBLIC "-//W3C//DTD XHTML 1.0 Transitional//EN"
    "http://www.w3.org/TR/xhtml1/DTD/xhtml1-transitional.dtd">
<html xmlns="http://www.w3.org/1999/xhtml" xml:lang="en" lang="en">
 <head>
  <title>
</title>
<meta http-equiv="Content-Type" content="text/html;charset=utf-8" />
  <meta name='ocr-system' content='tesseract 3.04.00' />
  <meta name='ocr-capabilities' content='ocr_page ocr_carea ocr_par ocr_line ocrx_word'/>
</head>
<body>
  <div class='ocr_page' id='page_1' title='image "./marcusdelingua00varruoft_0346.png"; bbox 0 0 2176 3386; ppageno 0'>
   <div class='ocr_carea' id='block_1_1' title="bbox 311 105 1373 148">
    <p class='ocr_par' dir='ltr' id='par_1_1' title="bbox 311 105 1373 148">
     <span class='ocr_line' id='line_1_1' title="bbox 311 105 1373 148; baseline -0.008 0"><span class='ocrx_word' id='word_1_1' title='bbox 311 106 399 148; x_wconf 83' lang='lat'><em>288</em></span> <span class='ocrx_word' id='word_1_2' title='bbox 994 105 1373 142; x_wconf 82' lang='lat' dir='ltr'>ADNOTATIONES</span> 
     </span>
    </p>
   </div>
   <div class='ocr_carea' id='block_1_2' title="bbox 311 215 2063 593">
    <p class='ocr_par' dir='ltr' id='par_1_2' title="bbox 435 215 2063 271">
     <span class='ocr_line' id='line_1_2' title="bbox 435 215 2063 271; baseline -0.001 -14"><span class='ocrx_word' id='word_1_3' title='bbox 435 219 531 268; x_wconf 90' lang='lat'>165,</span> <span class='ocrx_word' id='word_1_4' title='bbox 554 220 620 256; x_wconf 83' lang='lat'><em>12.</em></span> <span class='ocrx_word' id='word_1_5' title='bbox 655 218 713 266; x_wconf 78' lang='lat' dir='ltr'><em>Cf.</em></span> <span class='ocrx_word' id='word_1_6' title='bbox 744 218 874 257; x_wconf 82' lang='lat' dir='ltr'><em>Christ</em></span> <span class='ocrx_word' id='word_1_7' title='bbox 898 215 1010 256; x_wconf 68' lang='lat' dir='ltr'><em>‘Eos&#39;</em></span> <span class='ocrx_word' id='word_1_8' title='bbox 1037 218 1123 266; x_wconf 89' lang='lat' dir='ltr'><em>Ip.</em></span> <span class='ocrx_word' id='word_1_9' title='bbox 1148 219 1236 257; x_wconf 75' lang='lat'><em>288</em></span> <span class='ocrx_word' id='word_1_10' title='bbox 1249 229 1328 267; x_wconf 75' lang='lat' dir='ltr'><em>sqq.</em></span> <span class='ocrx_word' id='word_1_11' title='bbox 2059 267 2063 271; x_wconf 90' lang='lat'><em>.</em></span> 
     </span>
    </p>

    <p class='ocr_par' dir='ltr' id='par_1_3' title="bbox 436 283 2056 333">
     <span class='ocr_line' id='line_1_3' title="bbox 436 283 2056 333; baseline 0.002 -10"><span class='ocrx_word' id='word_1_12' title='bbox 436 285 532 332; x_wconf 90' lang='grc'>165,</span> <span class='ocrx_word' id='word_1_13' title='bbox 549 285 688 332; x_wconf 77' lang='lat' dir='ltr'><em>13sqq.</em></span> <span class='ocrx_word' id='word_1_14' title='bbox 706 284 919 322; x_wconf 88' lang='lat' dir='ltr'><em>Varronem</em></span> <span class='ocrx_word' id='word_1_15' title='bbox 939 284 1069 331; x_wconf 90' lang='lat' dir='ltr'><em>ipsum</em></span> <span class='ocrx_word' id='word_1_16' title='bbox 1088 284 1285 333; x_wconf 88' lang='lat' dir='ltr'><em>cupressei</em></span> <span class='ocrx_word' id='word_1_17' title='bbox 1307 286 1342 322; x_wconf 89' lang='lat' dir='ltr'><em>et</em></span> <span class='ocrx_word' id='word_1_18' title='bbox 1360 283 1448 323; x_wconf 86' lang='lat' dir='ltr'><em>ficei</em></span> <span class='ocrx_word' id='word_1_19' title='bbox 1468 285 1668 333; x_wconf 70' lang='lat' dir='ltr'><em>scripsisse</em></span> <span class='ocrx_word' id='word_1_20' title='bbox 1689 288 1786 325; x_wconf 84' lang='lat' dir='ltr'><em>recte</em></span> <span class='ocrx_word' id='word_1_21' title='bbox 1801 287 1899 326; x_wconf 84' lang='lat' dir='ltr'><em>Mue</em></span> <span class='ocrx_word' id='word_1_22' title='bbox 1919 290 2056 327; x_wconf 85' lang='lat' dir='ltr'><em>monet.</em></span> 
     </span>
    </p>

    <p class='ocr_par' dir='ltr' id='par_1_4' title="bbox 434 347 1965 399">
     <span class='ocr_line' id='line_1_4' title="bbox 434 347 1965 399; baseline 0 -12"><span class='ocrx_word' id='word_1_23' title='bbox 434 350 531 399; x_wconf 89' lang='lat'>165,</span> <span class='ocrx_word' id='word_1_24' title='bbox 553 350 619 386; x_wconf 84' lang='lat'><em>23.</em></span> <span class='ocrx_word' id='word_1_25' title='bbox 655 349 713 396; x_wconf 81' lang='lat' dir='ltr'><em>Cf.</em></span> <span class='ocrx_word' id='word_1_26' title='bbox 744 348 874 387; x_wconf 77' lang='lat' dir='ltr'><em>Christ</em></span> <span class='ocrx_word' id='word_1_27' title='bbox 897 347 1014 387; x_wconf 89' lang='lat' dir='ltr'><em>Arch.</em></span> <span class='ocrx_word' id='word_1_28' title='bbox 1040 349 1098 386; x_wconf 89' lang='grc' dir='ltr'><em>ΙΙ</em></span> <span class='ocrx_word' id='word_1_29' title='bbox 1110 361 1153 397; x_wconf 87' lang='lat' dir='ltr'><em>p.</em></span> <span class='ocrx_word' id='word_1_30' title='bbox 1169 350 1260 388; x_wconf 74' lang='grc'>623</span> <span class='ocrx_word' id='word_1_31' title='bbox 1274 360 1328 397; x_wconf 80' lang='lat' dir='ltr'><em>sq.</em></span> <span class='ocrx_word' id='word_1_32' title='bbox 1950 349 1965 367; x_wconf 78' lang='grc'>”</span> 
     </span>
    </p>

    <p class='ocr_par' dir='ltr' id='par_1_5' title="bbox 311 414 2059 593">
     <span class='ocr_line' id='line_1_5' title="bbox 436 414 2059 464; baseline 0.002 -12"><span class='ocrx_word' id='word_1_33' title='bbox 436 414 532 464; x_wconf 87' lang='grc'>165,</span> <span class='ocrx_word' id='word_1_34' title='bbox 554 415 619 453; x_wconf 87' lang='grc'><em>27.</em></span> <span class='ocrx_word' id='word_1_35' title='bbox 651 414 713 452; x_wconf 89' lang='lat' dir='ltr'><em>De</em></span> <span class='ocrx_word' id='word_1_36' title='bbox 737 416 860 452; x_wconf 88' lang='lat' dir='ltr'><em>treses</em></span> <span class='ocrx_word' id='word_1_37' title='bbox 885 415 1082 462; x_wconf 87' lang='lat' dir='ltr'><em>scriptura</em></span> <span class='ocrx_word' id='word_1_38' title='bbox 1106 415 1154 462; x_wconf 82' lang='lat' dir='ltr'><em>cf.</em></span> <span class='ocrx_word' id='word_1_39' title='bbox 1181 426 1279 462; x_wconf 80' lang='lat' dir='ltr'><em>quae</em></span> <span class='ocrx_word' id='word_1_40' title='bbox 1303 415 1428 453; x_wconf 76' lang='lat' dir='ltr'><em>Marx</em></span> <span class='ocrx_word' id='word_1_41' title='bbox 1453 415 1506 453; x_wconf 87' lang='lat' dir='ltr'><em>ad</em></span> <span class='ocrx_word' id='word_1_42' title='bbox 1529 415 1678 454; x_wconf 85' lang='lat' dir='ltr'><em>Lucilii</em></span> <span class='ocrx_word' id='word_1_43' title='bbox 1707 416 1833 455; x_wconf 82' lang='lat' dir='ltr'><em>locwm</em></span> <span class='ocrx_word' id='word_1_44' title='bbox 1856 417 2059 456; x_wconf 80' lang='lat' dir='ltr'><em>adnotavit</em></span> 
     </span>
     <span class='ocr_line' id='line_1_6' title="bbox 311 478 2057 528; baseline 0.003 -12"><span class='ocrx_word' id='word_1_45' title='bbox 311 479 369 528; x_wconf 88' lang='lat' dir='ltr'><em>(p.</em></span> <span class='ocrx_word' id='word_1_46' title='bbox 391 478 508 527; x_wconf 87' lang='lat'><em>365).</em></span> <span class='ocrx_word' id='word_1_47' title='bbox 548 478 625 517; x_wconf 83' lang='lat' dir='ltr'><em>Sed</em></span> <span class='ocrx_word' id='word_1_48' title='bbox 644 480 686 517; x_wconf 88' lang='lat' dir='ltr'><em>F</em></span> <span class='ocrx_word' id='word_1_49' title='bbox 707 482 795 517; x_wconf 91' lang='lat' dir='ltr'><em>ante</em></span> <span class='ocrx_word' id='word_1_50' title='bbox 820 478 971 517; x_wconf 90' lang='lat' dir='ltr'><em>confido</em></span> <span class='ocrx_word' id='word_1_51' title='bbox 997 482 1148 517; x_wconf 89' lang='lat' dir='ltr'><em>tantum</em></span> <span class='ocrx_word' id='word_1_52' title='bbox 1172 479 1289 518; x_wconf 85' lang='lat' dir='ltr'><em>tresis</em></span> <span class='ocrx_word' id='word_1_53' title='bbox 1313 479 1436 525; x_wconf 89' lang='lat' dir='ltr'><em>habet,</em></span> <span class='ocrx_word' id='word_1_54' title='bbox 1459 481 1574 518; x_wconf 83' lang='lat' dir='ltr'><em>semel</em></span> <span class='ocrx_word' id='word_1_55' title='bbox 1597 481 1744 526; x_wconf 85' lang='lat' dir='ltr'><em>tressis,</em></span> <span class='ocrx_word' id='word_1_56' title='bbox 1769 484 1825 519; x_wconf 88' lang='lat' dir='ltr'><em>ter</em></span> <span class='ocrx_word' id='word_1_57' title='bbox 1850 482 2014 521; x_wconf 88' lang='lat' dir='ltr'><em>alterum</em></span> <span class='ocrx_word' id='word_1_58' title='bbox 2039 494 2057 521; x_wconf 87' lang='lat' dir='ltr'><em>s</em></span> 
     </span>
     <span class='ocr_line' id='line_1_7' title="bbox 317 544 1679 593; baseline 0.001 -11"><span class='ocrx_word' id='word_1_59' title='bbox 317 555 395 583; x_wconf 91' lang='lat' dir='ltr'><em>non</em></span> <span class='ocrx_word' id='word_1_60' title='bbox 420 556 545 592; x_wconf 89' lang='lat' dir='ltr'><em>supra</em></span> <span class='ocrx_word' id='word_1_61' title='bbox 570 544 822 592; x_wconf 81' lang='lat' dir='ltr'><em>adscriptum.</em></span> <span class='ocrx_word' id='word_1_62' title='bbox 847 544 915 582; x_wconf 89' lang='lat' dir='ltr'><em>sed</em></span> <span class='ocrx_word' id='word_1_63' title='bbox 933 556 1008 592; x_wconf 90' lang='lat' dir='ltr'><em>per</em></span> <span class='ocrx_word' id='word_1_64' title='bbox 1033 545 1244 593; x_wconf 73' lang='lat' dir='ltr'><em>liyaturam</em></span> <span class='ocrx_word' id='word_1_65' title='bbox 1269 556 1355 582; x_wconf 90' lang='lat' dir='ltr'><em>cum</em></span> <span class='ocrx_word' id='word_1_66' title='bbox 1380 557 1401 582; x_wconf 88' lang='lat' dir='ltr'><em>e</em></span> <span class='ocrx_word' id='word_1_67' title='bbox 1427 545 1679 584; x_wconf 81' lang='lat' dir='ltr'><em>coniunctum.</em></span> 
     </span>
    </p>
   </div>
   <div class='ocr_carea' id='block_1_3' title="bbox 311 614 2063 1186">
    <p class='ocr_par' dir='ltr' id='par_1_6' title="bbox 313 614 2061 735">
     <span class='ocr_line' id='line_1_8' title="bbox 436 614 2061 667; baseline 0.002 -13"><span class='ocrx_word' id='word_1_68' title='bbox 436 617 532 664; x_wconf 91' lang='lat'>166,</span> <span class='ocrx_word' id='word_1_69' title='bbox 548 617 585 653; x_wconf 85' lang='lat'><em>2.</em></span> <span class='ocrx_word' id='word_1_70' title='bbox 615 614 674 664; x_wconf 81' lang='lat' dir='ltr'><em>Of.</em></span> <span class='ocrx_word' id='word_1_71' title='bbox 689 615 944 654; x_wconf 63' lang='lat' dir='ltr'><em>Reitzenstein</em></span> <span class='ocrx_word' id='word_1_72' title='bbox 956 627 998 663; x_wconf 89' lang='lat' dir='ltr'><em>p.</em></span> <span class='ocrx_word' id='word_1_73' title='bbox 1016 615 1072 653; x_wconf 86' lang='lat'><em>58</em></span> <span class='ocrx_word' id='word_1_74' title='bbox 1083 616 1174 654; x_wconf 92' lang='lat' dir='ltr'><em>adn.</em></span> <span class='ocrx_word' id='word_1_75' title='bbox 1190 617 1229 661; x_wconf 93' lang='lat'>3,</span> <span class='ocrx_word' id='word_1_76' title='bbox 1249 617 1315 664; x_wconf 80' lang='lat' dir='ltr'><em>qui</em></span> <span class='ocrx_word' id='word_1_77' title='bbox 1333 616 1380 654; x_wconf 88' lang='lat' dir='ltr'><em>de</em></span> <span class='ocrx_word' id='word_1_78' title='bbox 1399 616 1638 655; x_wconf 86' lang='lat' dir='ltr'><em>admittenda</em></span> <span class='ocrx_word' id='word_1_79' title='bbox 1650 619 1797 656; x_wconf 85' lang='lat' dir='ltr'><em>maiore</em></span> <span class='ocrx_word' id='word_1_80' title='bbox 1814 618 1959 657; x_wconf 74' lang='lat' dir='ltr'><em>lamma</em></span> <span class='ocrx_word' id='word_1_81' title='bbox 1970 621 2061 667; x_wconf 90' lang='lat' dir='ltr'><em>post</em></span> 
     </span>
     <span class='ocr_line' id='line_1_9' title="bbox 313 679 2058 735; baseline 0.002 -16"><span class='ocrx_word' id='word_1_82' title='bbox 313 681 385 731; x_wconf 89' lang='lat' dir='ltr'><em>qui</em></span> <span class='ocrx_word' id='word_1_83' title='bbox 406 693 472 719; x_wconf 89' lang='lat' dir='ltr'><em>aes</em></span> <span class='ocrx_word' id='word_1_84' title='bbox 491 693 569 719; x_wconf 88' lang='lat' dir='ltr'><em>non</em></span> <span class='ocrx_word' id='word_1_85' title='bbox 591 680 817 732; x_wconf 84' lang='lat' dir='ltr'><em>significant</em></span> <span class='ocrx_word' id='word_1_86' title='bbox 837 682 985 729; x_wconf 74' lang='lat' dir='ltr'><em>coyttat,</em></span> <span class='ocrx_word' id='word_1_87' title='bbox 1003 681 1106 720; x_wconf 80' lang='lat' dir='ltr'><em>unde</em></span> <span class='ocrx_word' id='word_1_88' title='bbox 1126 684 1159 719; x_wconf 87' lang='lat' dir='ltr'><em>et</em></span> <span class='ocrx_word' id='word_1_89' title='bbox 1179 682 1369 730; x_wconf 87' lang='lat' dir='ltr'><em>quartum</em></span> <span class='ocrx_word' id='word_1_90' title='bbox 1389 683 1423 720; x_wconf 83' lang='lat' dir='ltr'><em>et</em></span> <span class='ocrx_word' id='word_1_91' title='bbox 1439 679 1467 731; x_wconf 79' lang='lat'>§</span> <span class='ocrx_word' id='word_1_92' title='bbox 1488 682 1543 720; x_wconf 87' lang='grc'><em>83</em></span> <span class='ocrx_word' id='word_1_93' title='bbox 1562 682 1728 735; x_wconf 83' lang='lat' dir='ltr'><em>habeant</em></span> <span class='ocrx_word' id='word_1_94' title='bbox 1746 694 1820 731; x_wconf 77' lang='lat' dir='ltr'><em>quo</em></span> <span class='ocrx_word' id='word_1_95' title='bbox 1838 685 2058 733; x_wconf 82' lang='lat' dir='ltr'><em>respiciant.</em></span> 
     </span>
    </p>

    <p class='ocr_par' dir='ltr' id='par_1_7' title="bbox 437 742 1114 797">
     <span class='ocr_line' id='line_1_10' title="bbox 437 742 1114 797; baseline 0 -13"><span class='ocrx_word' id='word_1_96' title='bbox 437 747 534 795; x_wconf 90' lang='lat'>166,</span> <span class='ocrx_word' id='word_1_97' title='bbox 556 747 593 784; x_wconf 89' lang='grc'><em>6.</em></span> <span class='ocrx_word' id='word_1_98' title='bbox 624 745 712 784; x_wconf 87' lang='lat' dir='ltr'><em>An:</em></span> <span class='ocrx_word' id='word_1_99' title='bbox 737 758 816 784; x_wconf 88' lang='lat' dir='ltr'><em>non</em></span> <span class='ocrx_word' id='word_1_100' title='bbox 841 742 997 797; x_wconf 79' lang='lat' dir='ltr'><em>(opus)</em></span> <span class='ocrx_word' id='word_1_101' title='bbox 1023 747 1114 785; x_wconf 76' lang='lat' dir='ltr'><em>est?</em></span> 
     </span>
    </p>

    <p class='ocr_par' dir='ltr' id='par_1_8' title="bbox 312 812 2060 931">
     <span class='ocr_line' id='line_1_11' title="bbox 436 812 2060 863; baseline 0.002 -13"><span class='ocrx_word' id='word_1_102' title='bbox 436 813 532 861; x_wconf 92' lang='lat'>166,</span> <span class='ocrx_word' id='word_1_103' title='bbox 556 813 621 850; x_wconf 89' lang='lat'>13.</span> <span class='ocrx_word' id='word_1_104' title='bbox 654 824 700 850; x_wconf 86' lang='lat' dir='ltr'><em>ex</em></span> <span class='ocrx_word' id='word_1_105' title='bbox 724 812 803 850; x_wconf 81' lang='lat' dir='ltr'><em>nisi</em></span> <span class='ocrx_word' id='word_1_106' title='bbox 829 824 873 850; x_wconf 76' lang='lat' dir='ltr'><em>ex</em></span> <span class='ocrx_word' id='word_1_107' title='bbox 892 812 1152 860; x_wconf 73' lang='lat' dir='ltr'><em>dittoqraphia</em></span> <span class='ocrx_word' id='word_1_108' title='bbox 1178 813 1260 850; x_wconf 89' lang='lat' dir='ltr'><em>eius</em></span> <span class='ocrx_word' id='word_1_109' title='bbox 1278 812 1524 860; x_wconf 76' lang='lat' dir='ltr'><em>pronominis</em></span> <span class='ocrx_word' id='word_1_110' title='bbox 1542 824 1617 860; x_wconf 89' lang='lat' dir='ltr'><em>per</em></span> <span class='ocrx_word' id='word_1_111' title='bbox 1636 814 1902 861; x_wconf 75' lang='lat' dir='ltr'><em>compendium</em></span> <span class='ocrx_word' id='word_1_112' title='bbox 1926 815 2060 863; x_wconf 83' lang='lat' dir='ltr'><em>scripti</em></span> 
     </span>
     <span class='ocr_line' id='line_1_12' title="bbox 312 871 1679 931; baseline 0.001 -16"><span class='ocrx_word' id='word_1_113' title='bbox 312 879 443 915; x_wconf 84' lang='lat' dir='ltr'><em>ortum</em></span> <span class='ocrx_word' id='word_1_114' title='bbox 468 879 532 921; x_wconf 89' lang='lat' dir='ltr'><em>est,</em></span> <span class='ocrx_word' id='word_1_115' title='bbox 560 877 606 916; x_wconf 92' lang='lat' dir='ltr'><em>de</em></span> <span class='ocrx_word' id='word_1_116' title='bbox 630 878 774 916; x_wconf 88' lang='lat' dir='ltr'><em>lacuna</em></span> <span class='ocrx_word' id='word_1_117' title='bbox 792 878 927 925; x_wconf 79' lang='lat' dir='ltr'><em>potius</em></span> <span class='ocrx_word' id='word_1_118' title='bbox 951 877 1134 925; x_wconf 73' lang='lat' dir='ltr'><em>coqitabis</em></span> <span class='ocrx_word' id='word_1_119' title='bbox 1160 871 1392 930; x_wconf 79' lang='lat' dir='ltr'><em>(partibus.9</em></span> <span class='ocrx_word' id='word_1_120' title='bbox 1416 877 1618 916; x_wconf 87' lang='lat' dir='ltr'><em>vocabulis</em></span> <span class='ocrx_word' id='word_1_121' title='bbox 1629 872 1679 931; x_wconf 60' lang='grc' dir='ltr'><em>Β).</em></span> 
     </span>
    </p>

    <p class='ocr_par' dir='ltr' id='par_1_9' title="bbox 311 941 2063 1186">
     <span class='ocr_line' id='line_1_13' title="bbox 437 941 2060 992; baseline 0.001 -12"><span class='ocrx_word' id='word_1_122' title='bbox 437 943 533 990; x_wconf 91' lang='grc'>166,</span> <span class='ocrx_word' id='word_1_123' title='bbox 554 943 607 980; x_wconf 91' lang='grc'>26</span> <span class='ocrx_word' id='word_1_124' title='bbox 619 953 673 990; x_wconf 79' lang='lat' dir='ltr'><em>sq.</em></span> <span class='ocrx_word' id='word_1_125' title='bbox 711 941 982 991; x_wconf 85' lang='lat' dir='ltr'><em>triumvirum,</em></span> <span class='ocrx_word' id='word_1_126' title='bbox 1005 941 1282 992; x_wconf 86' lang='lat' dir='ltr'><em>decemvirum,</em></span> <span class='ocrx_word' id='word_1_127' title='bbox 1310 954 1390 980; x_wconf 89' lang='lat' dir='ltr'><em>non</em></span> <span class='ocrx_word' id='word_1_128' title='bbox 1416 942 1725 992; x_wconf 85' lang='lat' dir='ltr'><em>triumvirorum,</em></span> <span class='ocrx_word' id='word_1_129' title='bbox 1749 943 2060 983; x_wconf 83' lang='lat' dir='ltr'><em>decemvirorum</em></span> 
     </span>
     <span class='ocr_line' id='line_1_14' title="bbox 311 1005 2063 1058; baseline 0.001 -13"><span class='ocrx_word' id='word_1_130' title='bbox 311 1007 413 1045; x_wconf 86' lang='lat' dir='ltr'><em>Mue</em></span> <span class='ocrx_word' id='word_1_131' title='bbox 431 1008 604 1055; x_wconf 75' lang='lat' dir='ltr'><em>itemque,</em></span> <span class='ocrx_word' id='word_1_132' title='bbox 623 1007 691 1045; x_wconf 91' lang='lat' dir='ltr'><em>sed</em></span> <span class='ocrx_word' id='word_1_133' title='bbox 710 1006 790 1045; x_wconf 85' lang='lat' dir='ltr'><em>add</em></span> <span class='ocrx_word' id='word_1_134' title='bbox 809 1007 1099 1045; x_wconf 79' lang='lat' dir='ltr'><em>centumvirum</em></span> <span class='ocrx_word' id='word_1_135' title='bbox 1119 1010 1207 1045; x_wconf 88' lang='lat' dir='ltr'><em>ante</em></span> <span class='ocrx_word' id='word_1_136' title='bbox 1224 1019 1304 1044; x_wconf 93' lang='lat' dir='ltr'><em>non</em></span> <span class='ocrx_word' id='word_1_137' title='bbox 1313 1005 1439 1055; x_wconf 76' lang='lat' dir='ltr'><em>A.Sp.</em></span> <span class='ocrx_word' id='word_1_138' title='bbox 1449 1021 1463 1054; x_wconf 91' lang='grc'>,·</span> <span class='ocrx_word' id='word_1_139' title='bbox 1480 1008 1605 1045; x_wconf 89' lang='lat' dir='ltr'><em>trium</em></span> <span class='ocrx_word' id='word_1_140' title='bbox 1618 1007 1761 1057; x_wconf 85' lang='lat' dir='ltr'><em>virum,</em></span> <span class='ocrx_word' id='word_1_141' title='bbox 1774 1008 1908 1047; x_wconf 88' lang='lat' dir='ltr'><em>decem</em></span> <span class='ocrx_word' id='word_1_142' title='bbox 1919 1010 2063 1058; x_wconf 85' lang='lat' dir='ltr'><em>virum,</em></span> 
     </span>
     <span class='ocr_line' id='line_1_15' title="bbox 317 1071 2063 1123; baseline 0.002 -14"><span class='ocrx_word' id='word_1_143' title='bbox 317 1072 475 1110; x_wconf 86' lang='lat' dir='ltr'><em>centum</em></span> <span class='ocrx_word' id='word_1_144' title='bbox 500 1073 644 1121; x_wconf 85' lang='lat' dir='ltr'><em>virum,</em></span> <span class='ocrx_word' id='word_1_145' title='bbox 670 1085 750 1111; x_wconf 89' lang='lat' dir='ltr'><em>non</em></span> <span class='ocrx_word' id='word_1_146' title='bbox 775 1072 952 1110; x_wconf 86' lang='lat' dir='ltr'><em>virorum</em></span> <span class='ocrx_word' id='word_1_147' title='bbox 977 1071 1234 1111; x_wconf 65' lang='lat' dir='ltr'><em>Reitzenstein</em></span> <span class='ocrx_word' id='word_1_148' title='bbox 1250 1084 1293 1120; x_wconf 89' lang='lat' dir='ltr'><em>p.</em></span> <span class='ocrx_word' id='word_1_149' title='bbox 1322 1071 1378 1110; x_wconf 87' lang='grc'><em>59</em></span> <span class='ocrx_word' id='word_1_150' title='bbox 1403 1084 1490 1111; x_wconf 91' lang='lat' dir='ltr'><em>cum</em></span> <span class='ocrx_word' id='word_1_151' title='bbox 1513 1071 1580 1121; x_wconf 83' lang='lat' dir='ltr'><em>Sp.</em></span> <span class='ocrx_word' id='word_1_152' title='bbox 1612 1071 1710 1122; x_wconf 77' lang='lat' dir='ltr'><em>(nisi</em></span> <span class='ocrx_word' id='word_1_153' title='bbox 1733 1074 1834 1122; x_wconf 77' lang='lat' dir='ltr'><em>quod</em></span> <span class='ocrx_word' id='word_1_154' title='bbox 1857 1075 1893 1112; x_wconf 88' lang='lat' dir='ltr'><em>is</em></span> <span class='ocrx_word' id='word_1_155' title='bbox 1917 1085 2063 1123; x_wconf 79' lang='lat' dir='ltr'><em>quoque</em></span> 
     </span>
     <span class='ocr_line' id='line_1_16' title="bbox 312 1132 2063 1186; baseline 0.002 -11"><span class='ocrx_word' id='word_1_156' title='bbox 312 1139 515 1176; x_wconf 78' lang='lat' dir='ltr'><em>coniumxit</em></span> <span class='ocrx_word' id='word_1_157' title='bbox 537 1138 800 1179; x_wconf 80' lang='lat' dir='ltr'><em>triumvirum,</em></span> <span class='ocrx_word' id='word_1_158' title='bbox 819 1136 914 1185; x_wconf 67' lang='lat' dir='ltr'><em>etc).</em></span> <span class='ocrx_word' id='word_1_159' title='bbox 950 1136 1008 1186; x_wconf 84' lang='lat' dir='ltr'><em>Of.</em></span> <span class='ocrx_word' id='word_1_160' title='bbox 1028 1138 1249 1176; x_wconf 85' lang='lat' dir='ltr'><em>Mommsen</em></span> <span class='ocrx_word' id='word_1_161' title='bbox 1269 1134 1462 1176; x_wconf 77' lang='lat' dir='ltr'><em>‘Staatsr.’</em></span> <span class='ocrx_word' id='word_1_162' title='bbox 1483 1138 1541 1175; x_wconf 89' lang='lat' dir='ltr'><em>II</em></span> <span class='ocrx_word' id='word_1_163' title='bbox 1563 1132 1606 1176; x_wconf 76' lang='lat'>1³</span> <span class='ocrx_word' id='word_1_164' title='bbox 1623 1151 1666 1186; x_wconf 89' lang='lat' dir='ltr'><em>p.</em></span> <span class='ocrx_word' id='word_1_165' title='bbox 1690 1139 1775 1177; x_wconf 87' lang='lat'><em>599</em></span> <span class='ocrx_word' id='word_1_166' title='bbox 1800 1141 1835 1177; x_wconf 92' lang='lat' dir='ltr'><em>et</em></span> <span class='ocrx_word' id='word_1_167' title='bbox 1861 1140 1945 1178; x_wconf 88' lang='lat'>606</span> <span class='ocrx_word' id='word_1_168' title='bbox 1970 1139 2063 1179; x_wconf 87' lang='lat' dir='ltr'><em>adn.</em></span> 
     </span>
    </p>
   </div>
   <div class='ocr_carea' id='block_1_4' title="bbox 312 1207 2113 2182">
    <p class='ocr_par' dir='ltr' id='par_1_10' title="bbox 313 1207 2063 1378">
     <span class='ocr_line' id='line_1_17' title="bbox 439 1207 2063 1259; baseline 0.002 -13"><span class='ocrx_word' id='word_1_169' title='bbox 439 1210 533 1258; x_wconf 88' lang='grc'>167,</span> <span class='ocrx_word' id='word_1_170' title='bbox 557 1209 621 1246; x_wconf 88' lang='grc'><em>12.</em></span> <span class='ocrx_word' id='word_1_171' title='bbox 654 1208 705 1246; x_wconf 86' lang='lat' dir='ltr'><em>ad</em></span> <span class='ocrx_word' id='word_1_172' title='bbox 729 1208 803 1247; x_wconf 89' lang='lat' dir='ltr'><em>hoc</em></span> <span class='ocrx_word' id='word_1_173' title='bbox 823 1207 873 1246; x_wconf 84' lang='lat' dir='ltr'><em>A.</em></span> <span class='ocrx_word' id='word_1_174' title='bbox 887 1208 952 1256; x_wconf 85' lang='lat' dir='ltr'><em>Sp.</em></span> <span class='ocrx_word' id='word_1_175' title='bbox 977 1207 1106 1254; x_wconf 80' lang='lat' dir='ltr'><em>edidit,</em></span> <span class='ocrx_word' id='word_1_176' title='bbox 1123 1220 1199 1256; x_wconf 89' lang='lat' dir='ltr'><em>per</em></span> <span class='ocrx_word' id='word_1_177' title='bbox 1218 1219 1387 1247; x_wconf 84' lang='lat' dir='ltr'><em>errorem</em></span> <span class='ocrx_word' id='word_1_178' title='bbox 1403 1211 1448 1247; x_wconf 88' lang='lat' dir='ltr'><em>ut</em></span> <span class='ocrx_word' id='word_1_179' title='bbox 1465 1210 1559 1255; x_wconf 81' lang='lat' dir='ltr'><em>vid,</em></span> <span class='ocrx_word' id='word_1_180' title='bbox 1585 1220 1821 1258; x_wconf 81' lang='lat' dir='ltr'><em>quamquam</em></span> <span class='ocrx_word' id='word_1_181' title='bbox 1844 1211 1889 1249; x_wconf 88' lang='lat' dir='ltr'><em>in</em></span> <span class='ocrx_word' id='word_1_182' title='bbox 1907 1210 2063 1259; x_wconf 74' lang='lat' dir='ltr'><em>quibus-</em></span> 
     </span>
     <span class='ocr_line' id='line_1_18' title="bbox 313 1273 2061 1325; baseline 0.001 -13"><span class='ocrx_word' id='word_1_183' title='bbox 313 1274 409 1312; x_wconf 86' lang='lat' dir='ltr'><em>dam</em></span> <span class='ocrx_word' id='word_1_184' title='bbox 435 1274 670 1322; x_wconf 72' lang='lat' dir='ltr'><em>apoyraphis</em></span> <span class='ocrx_word' id='word_1_185' title='bbox 693 1275 750 1312; x_wconf 78' lang='lat' dir='ltr'><em>ita</em></span> <span class='ocrx_word' id='word_1_186' title='bbox 776 1276 840 1312; x_wconf 88' lang='lat' dir='ltr'><em>est.</em></span> <span class='ocrx_word' id='word_1_187' title='bbox 869 1295 919 1300; x_wconf 93' lang='lat'>—</span> <span class='ocrx_word' id='word_1_188' title='bbox 950 1274 1084 1312; x_wconf 84' lang='lat' dir='ltr'><em>actum</em></span> <span class='ocrx_word' id='word_1_189' title='bbox 1109 1273 1323 1312; x_wconf 79' lang='lat' dir='ltr'><em>adicientes</em></span> <span class='ocrx_word' id='word_1_190' title='bbox 1348 1274 1531 1323; x_wconf 89' lang='lat' dir='ltr'><em>minores,</em></span> <span class='ocrx_word' id='word_1_191' title='bbox 1555 1275 1581 1312; x_wconf 90' lang='lat' dir='ltr'><em>i.</em></span> <span class='ocrx_word' id='word_1_192' title='bbox 1601 1288 1638 1314; x_wconf 84' lang='lat' dir='ltr'><em>v.</em></span> <span class='ocrx_word' id='word_1_193' title='bbox 1663 1287 1741 1313; x_wconf 90' lang='lat' dir='ltr'><em>non</em></span> <span class='ocrx_word' id='word_1_194' title='bbox 1768 1287 1870 1325; x_wconf 86' lang='lat' dir='ltr'><em>quae</em></span> <span class='ocrx_word' id='word_1_195' title='bbox 1895 1276 2061 1324; x_wconf 82' lang='lat' dir='ltr'><em>ratione,</em></span> 
     </span>
     <span class='ocr_line' id='line_1_19' title="bbox 315 1338 553 1378; baseline -0.008 0"><span class='ocrx_word' id='word_1_196' title='bbox 315 1339 387 1378; x_wconf 80' lang='lat' dir='ltr'><em>sed</em></span> <span class='ocrx_word' id='word_1_197' title='bbox 415 1338 553 1378; x_wconf 78' lang='lat' dir='ltr'><em>Canal.</em></span> 
     </span>
    </p>

    <p class='ocr_par' dir='ltr' id='par_1_11' title="bbox 439 1403 1255 1453">
     <span class='ocr_line' id='line_1_20' title="bbox 439 1403 1255 1453; baseline 0 -10"><span class='ocrx_word' id='word_1_198' title='bbox 439 1406 536 1452; x_wconf 89' lang='lat'>167,</span> <span class='ocrx_word' id='word_1_199' title='bbox 560 1406 626 1442; x_wconf 88' lang='lat'><em>17.</em></span> <span class='ocrx_word' id='word_1_200' title='bbox 661 1403 720 1453; x_wconf 79' lang='lat' dir='ltr'><em>Cf.</em></span> <span class='ocrx_word' id='word_1_201' title='bbox 741 1404 998 1443; x_wconf 69' lang='lat' dir='ltr'><em>Reitzenstein</em></span> <span class='ocrx_word' id='word_1_202' title='bbox 1016 1417 1059 1452; x_wconf 92' lang='lat' dir='ltr'><em>p.</em></span> <span class='ocrx_word' id='word_1_203' title='bbox 1084 1405 1137 1442; x_wconf 87' lang='grc'><em>59</em></span> <span class='ocrx_word' id='word_1_204' title='bbox 1164 1405 1255 1443; x_wconf 90' lang='lat' dir='ltr'><em>adn.</em></span> 
     </span>
    </p>

    <p class='ocr_par' dir='ltr' id='par_1_12' title="bbox 319 1467 2066 1589">
     <span class='ocr_line' id='line_1_21' title="bbox 445 1467 2066 1524; baseline 0.001 -16"><span class='ocrx_word' id='word_1_205' title='bbox 445 1470 542 1518; x_wconf 90' lang='lat'>168,</span> <span class='ocrx_word' id='word_1_206' title='bbox 565 1471 586 1508; x_wconf 92' lang='lat'><em>1</em></span> <span class='ocrx_word' id='word_1_207' title='bbox 596 1481 651 1518; x_wconf 79' lang='lat' dir='ltr'><em>sq.</em></span> <span class='ocrx_word' id='word_1_208' title='bbox 683 1469 739 1508; x_wconf 75' lang='lat' dir='ltr'><em>Et</em></span> <span class='ocrx_word' id='word_1_209' title='bbox 750 1469 805 1508; x_wconf 83' lang='lat' dir='ltr'><em>M</em></span> <span class='ocrx_word' id='word_1_210' title='bbox 802 1469 939 1508; x_wconf 73' lang='lat' dir='ltr'><em>einelcii</em></span> <span class='ocrx_word' id='word_1_211' title='bbox 958 1471 1215 1509; x_wconf 86' lang='lat' dir='ltr'><em>coniecturam</em></span> <span class='ocrx_word' id='word_1_212' title='bbox 1224 1469 1397 1508; x_wconf 84' lang='lat' dir='ltr'><em>Actaeus</em></span> <span class='ocrx_word' id='word_1_213' title='bbox 1412 1472 1451 1508; x_wconf 90' lang='lat' dir='ltr'><em>et</em></span> <span class='ocrx_word' id='word_1_214' title='bbox 1464 1469 1642 1508; x_wconf 82' lang='lat' dir='ltr'><em>Actaeon</em></span> <span class='ocrx_word' id='word_1_215' title='bbox 1655 1473 1691 1509; x_wconf 91' lang='lat' dir='ltr'><em>et</em></span> <span class='ocrx_word' id='word_1_216' title='bbox 1701 1470 1885 1510; x_wconf 84' lang='lat' dir='ltr'><em>Muelleri</em></span> <span class='ocrx_word' id='word_1_217' title='bbox 1898 1467 2066 1524; x_wconf 84' lang='lat' dir='ltr'><em>(Geryo-</em></span> 
     </span>
     <span class='ocr_line' id='line_1_22' title="bbox 319 1530 1831 1589; baseline 0.001 -16"><span class='ocrx_word' id='word_1_218' title='bbox 319 1530 494 1589; x_wconf 86' lang='lat' dir='ltr'><em>11&lt;e&gt;us)</em></span> <span class='ocrx_word' id='word_1_219' title='bbox 519 1536 707 1584; x_wconf 78' lang='lat' dir='ltr'><em>refutavit</em></span> <span class='ocrx_word' id='word_1_220' title='bbox 729 1536 953 1574; x_wconf 77' lang='lat' dir='ltr'><em>Fleckeisen</em></span> <span class='ocrx_word' id='word_1_221' title='bbox 976 1534 1123 1574; x_wconf 86' lang='lat' dir='ltr'><em>Annal.</em></span> <span class='ocrx_word' id='word_1_222' title='bbox 1153 1534 1300 1574; x_wconf 81' lang='lat' dir='ltr'><strong><em>CXXI</em></strong></span> <span class='ocrx_word' id='word_1_223' title='bbox 1321 1534 1376 1584; x_wconf 89' lang='lat' dir='ltr'><em>(a.</em></span> <span class='ocrx_word' id='word_1_224' title='bbox 1405 1535 1538 1584; x_wconf 87' lang='grc'>1880)</span> <span class='ocrx_word' id='word_1_225' title='bbox 1557 1548 1600 1584; x_wconf 92' lang='lat' dir='ltr'><em>p.</em></span> <span class='ocrx_word' id='word_1_226' title='bbox 1629 1537 1714 1574; x_wconf 90' lang='lat'><em>606</em></span> <span class='ocrx_word' id='word_1_227' title='bbox 1739 1536 1831 1574; x_wconf 76' lang='lat' dir='ltr'><em>adai.</em></span> 
     </span>
    </p>

    <p class='ocr_par' dir='ltr' id='par_1_13' title="bbox 441 1600 1814 1650">
     <span class='ocr_line' id='line_1_23' title="bbox 441 1600 1814 1650; baseline 0 -11"><span class='ocrx_word' id='word_1_228' title='bbox 441 1601 538 1649; x_wconf 88' lang='lat'>168,</span> <span class='ocrx_word' id='word_1_229' title='bbox 559 1602 595 1639; x_wconf 87' lang='lat'><em>3.</em></span> <span class='ocrx_word' id='word_1_230' title='bbox 627 1601 689 1639; x_wconf 90' lang='lat' dir='ltr'><em>De</em></span> <span class='ocrx_word' id='word_1_231' title='bbox 715 1600 921 1650; x_wconf 83' lang='lat' dir='ltr'><em>analogias</em></span> <span class='ocrx_word' id='word_1_232' title='bbox 948 1601 1139 1649; x_wconf 76' lang='lat' dir='ltr'><em>coyitabat</em></span> <span class='ocrx_word' id='word_1_233' title='bbox 1159 1600 1246 1648; x_wconf 82' lang='lat' dir='ltr'><em>Sp.:</em></span> <span class='ocrx_word' id='word_1_234' title='bbox 1271 1603 1313 1639; x_wconf 91' lang='lat' dir='ltr'><em>at</em></span> <span class='ocrx_word' id='word_1_235' title='bbox 1337 1601 1392 1639; x_wconf 87' lang='lat' dir='ltr'><em>eis</em></span> <span class='ocrx_word' id='word_1_236' title='bbox 1417 1601 1586 1648; x_wconf 80' lang='lat' dir='ltr'><em>refertur</em></span> <span class='ocrx_word' id='word_1_237' title='bbox 1611 1602 1664 1639; x_wconf 95' lang='lat' dir='ltr'><em>ad</em></span> <span class='ocrx_word' id='word_1_238' title='bbox 1689 1612 1814 1639; x_wconf 84' lang='lat' dir='ltr'><em>casus.</em></span> 
     </span>
    </p>

    <p class='ocr_par' dir='ltr' id='par_1_14' title="bbox 312 1665 2113 1846">
     <span class='ocr_line' id='line_1_24' title="bbox 439 1665 2113 1716; baseline 0 -12"><span class='ocrx_word' id='word_1_239' title='bbox 439 1666 536 1715; x_wconf 86' lang='lat'>168,</span> <span class='ocrx_word' id='word_1_240' title='bbox 559 1666 624 1704; x_wconf 83' lang='lat'><em>18.</em></span> <span class='ocrx_word' id='word_1_241' title='bbox 666 1678 712 1704; x_wconf 84' lang='lat' dir='ltr'><em>ex</em></span> <span class='ocrx_word' id='word_1_242' title='bbox 745 1667 976 1716; x_wconf 76' lang='lat' dir='ltr'><em>procreante</em></span> <span class='ocrx_word' id='word_1_243' title='bbox 1009 1667 1147 1704; x_wconf 81' lang='lat' dir='ltr'><em>natum</em></span> <span class='ocrx_word' id='word_1_244' title='bbox 1172 1677 1251 1704; x_wconf 89' lang='lat' dir='ltr'><em>esse</em></span> <span class='ocrx_word' id='word_1_245' title='bbox 1277 1677 1321 1704; x_wconf 77' lang='lat' dir='ltr'><em>ex</em></span> <span class='ocrx_word' id='word_1_246' title='bbox 1344 1666 1542 1715; x_wconf 85' lang='lat' dir='ltr'><em>procreati</em></span> <span class='ocrx_word' id='word_1_247' title='bbox 1573 1665 1678 1704; x_wconf 86' lang='lat' dir='ltr'><em>credi</em></span> <span class='ocrx_word' id='word_1_248' title='bbox 1701 1667 1768 1704; x_wconf 79' lang='lat' dir='ltr'><em>vix</em></span> <span class='ocrx_word' id='word_1_249' title='bbox 1793 1667 1921 1714; x_wconf 85' lang='lat' dir='ltr'><em>potest</em></span> <span class='ocrx_word' id='word_1_250' title='bbox 1942 1678 2064 1715; x_wconf 77' lang='lat' dir='ltr'><em>neque</em></span> <span class='ocrx_word' id='word_1_251' title='bbox 2111 1708 2113 1711; x_wconf 59' lang='grc'>,</span> 
     </span>
     <span class='ocr_line' id='line_1_25' title="bbox 313 1731 2063 1780; baseline 0 -10"><span class='ocrx_word' id='word_1_252' title='bbox 313 1732 399 1770; x_wconf 82' lang='lat' dir='ltr'><em>veri</em></span> <span class='ocrx_word' id='word_1_253' title='bbox 432 1731 637 1770; x_wconf 82' lang='lat' dir='ltr'><em>similiores</em></span> <span class='ocrx_word' id='word_1_254' title='bbox 662 1734 754 1769; x_wconf 86' lang='lat' dir='ltr'><em>sunt</em></span> <span class='ocrx_word' id='word_1_255' title='bbox 777 1731 1015 1770; x_wconf 84' lang='lat' dir='ltr'><em>coniecturae</em></span> <span class='ocrx_word' id='word_1_256' title='bbox 1040 1734 1205 1778; x_wconf 84' lang='lat' dir='ltr'><em>ceterae,·</em></span> <span class='ocrx_word' id='word_1_257' title='bbox 1237 1732 1273 1769; x_wconf 91' lang='lat' dir='ltr'><em>si</em></span> <span class='ocrx_word' id='word_1_258' title='bbox 1296 1731 1498 1780; x_wconf 74' lang='lat' dir='ltr'><em>neqaveris</em></span> <span class='ocrx_word' id='word_1_259' title='bbox 1523 1742 1568 1769; x_wconf 78' lang='lat' dir='ltr'><em>ex</em></span> <span class='ocrx_word' id='word_1_260' title='bbox 1597 1731 1824 1779; x_wconf 76' lang='lat' dir='ltr'><em>ylosscmate</em></span> <span class='ocrx_word' id='word_1_261' title='bbox 1846 1732 2063 1780; x_wconf 85' lang='lat' dir='ltr'><em>repetenda,</em></span> 
     </span>
     <span class='ocr_line' id='line_1_26' title="bbox 312 1796 1727 1846; baseline -0.001 -11"><span class='ocrx_word' id='word_1_262' title='bbox 312 1797 418 1846; x_wconf 75' lang='lat' dir='ltr'><em>quod</em></span> <span class='ocrx_word' id='word_1_263' title='bbox 441 1797 553 1835; x_wconf 88' lang='lat' dir='ltr'><em>nobis</em></span> <span class='ocrx_word' id='word_1_264' title='bbox 576 1796 738 1841; x_wconf 83' lang='lat' dir='ltr'><em>videtur,</em></span> <span class='ocrx_word' id='word_1_265' title='bbox 765 1796 851 1834; x_wconf 85' lang='lat' dir='ltr'><em>vide</em></span> <span class='ocrx_word' id='word_1_266' title='bbox 876 1808 930 1834; x_wconf 93' lang='lat' dir='ltr'><em>an</em></span> <span class='ocrx_word' id='word_1_267' title='bbox 954 1797 1122 1835; x_wconf 80' lang='lat' dir='ltr'><em>scribas.-</em></span> <span class='ocrx_word' id='word_1_268' title='bbox 1146 1796 1179 1834; x_wconf 88' lang='lat' dir='ltr'><em>si</em></span> <span class='ocrx_word' id='word_1_269' title='bbox 1204 1797 1366 1834; x_wconf 86' lang='lat' dir='ltr'><em>natione</em></span> <span class='ocrx_word' id='word_1_270' title='bbox 1392 1798 1432 1835; x_wconf 85' lang='lat' dir='ltr'><em>et</em></span> <span class='ocrx_word' id='word_1_271' title='bbox 1454 1797 1667 1846; x_wconf 89' lang='lat' dir='ltr'><em>procreatu</em></span> <span class='ocrx_word' id='word_1_272' title='bbox 1691 1796 1727 1835; x_wconf 84' lang='lat' dir='ltr'><em>d.</em></span> 
     </span>
    </p>

    <p class='ocr_par' dir='ltr' id='par_1_15' title="bbox 316 1866 2062 1983">
     <span class='ocr_line' id='line_1_27' title="bbox 440 1866 2062 1917; baseline 0.001 -11"><span class='ocrx_word' id='word_1_273' title='bbox 440 1868 536 1916; x_wconf 91' lang='lat'>168,</span> <span class='ocrx_word' id='word_1_274' title='bbox 559 1869 625 1906; x_wconf 83' lang='lat'><em>22.</em></span> <span class='ocrx_word' id='word_1_275' title='bbox 657 1868 719 1906; x_wconf 88' lang='lat' dir='ltr'><em>De</em></span> <span class='ocrx_word' id='word_1_276' title='bbox 739 1869 826 1917; x_wconf 83' lang='lat' dir='ltr'><em>quis</em></span> <span class='ocrx_word' id='word_1_277' title='bbox 844 1871 937 1916; x_wconf 87' lang='lat' dir='ltr'><em>post</em></span> <span class='ocrx_word' id='word_1_278' title='bbox 978 1867 992 1905; x_wconf 85' lang='lat' dir='ltr'><em>i</em></span> <span class='ocrx_word' id='word_1_279' title='bbox 1019 1867 1211 1906; x_wconf 79' lang='lat' dir='ltr'><em>reiciendo</em></span> <span class='ocrx_word' id='word_1_280' title='bbox 1239 1868 1379 1915; x_wconf 70' lang='lat' dir='ltr'><em>coyitat</em></span> <span class='ocrx_word' id='word_1_281' title='bbox 1395 1866 1460 1916; x_wconf 83' lang='lat' dir='ltr'><em>Sp.</em></span> <span class='ocrx_word' id='word_1_282' title='bbox 1487 1866 1571 1915; x_wconf 75' lang='lat' dir='ltr'><em>(vix</em></span> <span class='ocrx_word' id='word_1_283' title='bbox 1589 1869 1730 1906; x_wconf 85' lang='lat' dir='ltr'><em>rectius</em></span> <span class='ocrx_word' id='word_1_284' title='bbox 1749 1867 1784 1906; x_wconf 89' lang='lat' dir='ltr'><em>si</em></span> <span class='ocrx_word' id='word_1_285' title='bbox 1804 1868 1892 1917; x_wconf 91' lang='lat' dir='ltr'><em>quis</em></span> <span class='ocrx_word' id='word_1_286' title='bbox 1913 1869 2062 1916; x_wconf 65' lang='lat' dir='ltr'><em>efficias</em></span> 
     </span>
     <span class='ocr_line' id='line_1_28' title="bbox 316 1931 1756 1983; baseline -0.001 -11"><span class='ocrx_word' id='word_1_287' title='bbox 316 1944 364 1972; x_wconf 76' lang='lat' dir='ltr'><em>ex</em></span> <span class='ocrx_word' id='word_1_288' title='bbox 389 1933 569 1983; x_wconf 83' lang='lat' dir='ltr'><em>sequitur</em></span> <span class='ocrx_word' id='word_1_289' title='bbox 595 1933 857 1982; x_wconf 73' lang='lat' dir='ltr'><em>dittoqraphia</em></span> <span class='ocrx_word' id='word_1_290' title='bbox 881 1933 999 1972; x_wconf 85' lang='lat' dir='ltr'><em>deleto</em></span> <span class='ocrx_word' id='word_1_291' title='bbox 1025 1933 1059 1971; x_wconf 89' lang='lat' dir='ltr'><em>si</em></span> <span class='ocrx_word' id='word_1_292' title='bbox 1083 1954 1143 1959; x_wconf 97' lang='lat'><strong>—</strong></span> <span class='ocrx_word' id='word_1_293' title='bbox 1168 1932 1259 1983; x_wconf 85' lang='lat' dir='ltr'><em>quis</em></span> <span class='ocrx_word' id='word_1_294' title='bbox 1284 1935 1482 1982; x_wconf 76' lang='lat' dir='ltr'><em>tamquam</em></span> <span class='ocrx_word' id='word_1_295' title='bbox 1506 1931 1756 1981; x_wconf 84' lang='lat' dir='ltr'><em>correctura).</em></span> 
     </span>
    </p>

    <p class='ocr_par' dir='ltr' id='par_1_16' title="bbox 315 1997 2064 2182">
     <span class='ocr_line' id='line_1_29' title="bbox 439 1997 2064 2047; baseline 0.001 -11"><span class='ocrx_word' id='word_1_296' title='bbox 439 1999 536 2047; x_wconf 88' lang='lat'>168,</span> <span class='ocrx_word' id='word_1_297' title='bbox 558 2000 624 2038; x_wconf 88' lang='grc'><em>25.</em></span> <span class='ocrx_word' id='word_1_298' title='bbox 658 1998 808 2037; x_wconf 87' lang='lat' dir='ltr'><em>assumi</em></span> <span class='ocrx_word' id='word_1_299' title='bbox 832 1998 912 2036; x_wconf 88' lang='lat' dir='ltr'><em>scil.</em></span> <span class='ocrx_word' id='word_1_300' title='bbox 938 2010 1017 2037; x_wconf 89' lang='lat' dir='ltr'><em>non</em></span> <span class='ocrx_word' id='word_1_301' title='bbox 1043 1998 1118 2036; x_wconf 88' lang='lat' dir='ltr'><em>erit</em></span> <span class='ocrx_word' id='word_1_302' title='bbox 1150 1999 1347 2036; x_wconf 84' lang='lat' dir='ltr'><em>remotum</em></span> <span class='ocrx_word' id='word_1_303' title='bbox 1374 1997 1521 2036; x_wconf 81' lang='lat' dir='ltr'><em>Oanal:</em></span> <span class='ocrx_word' id='word_1_304' title='bbox 1554 1999 1656 2047; x_wconf 79' lang='lat' dir='ltr'><em>quod</em></span> <span class='ocrx_word' id='word_1_305' title='bbox 1679 1999 1716 2037; x_wconf 88' lang='lat' dir='ltr'><em>si</em></span> <span class='ocrx_word' id='word_1_306' title='bbox 1741 1998 1973 2047; x_wconf 71' lang='lat' dir='ltr'><em>probaveris</em></span> <span class='ocrx_word' id='word_1_307' title='bbox 1998 2010 2064 2041; x_wconf 76' lang='lat' dir='ltr'><em>ne,-</em></span> 
     </span>
     <span class='ocr_line' id='line_1_30' title="bbox 315 2063 2064 2114; baseline 0 -12"><span class='ocrx_word' id='word_1_308' title='bbox 315 2065 484 2103; x_wconf 63' lang='lat' dir='ltr'><em>›cessario</em></span> <span class='ocrx_word' id='word_1_309' title='bbox 517 2066 551 2101; x_wconf 84' lang='lat' dir='ltr'><em>et</em></span> <span class='ocrx_word' id='word_1_310' title='bbox 579 2066 626 2102; x_wconf 88' lang='lat' dir='ltr'><em>ut</em></span> <span class='ocrx_word' id='word_1_311' title='bbox 655 2065 699 2102; x_wconf 89' lang='lat' dir='ltr'><em>in</em></span> <span class='ocrx_word' id='word_1_312' title='bbox 729 2064 791 2102; x_wconf 88' lang='lat' dir='ltr'><em>his</em></span> <span class='ocrx_word' id='word_1_313' title='bbox 819 2094 825 2101; x_wconf 95' lang='lat'><em>.</em></span> <span class='ocrx_word' id='word_1_314' title='bbox 854 2094 862 2102; x_wconf 92' lang='lat'><em>.</em></span> <span class='ocrx_word' id='word_1_315' title='bbox 890 2094 898 2102; x_wconf 99' lang='lat'><em>.</em></span> <span class='ocrx_word' id='word_1_316' title='bbox 924 2063 1051 2114; x_wconf 87' lang='lat' dir='ltr'><em>possit</em></span> <span class='ocrx_word' id='word_1_317' title='bbox 1074 2074 1151 2111; x_wconf 89' lang='lat' dir='ltr'><em>pro</em></span> <span class='ocrx_word' id='word_1_318' title='bbox 1175 2064 1401 2111; x_wconf 80' lang='lat' dir='ltr'><em>parenthesi</em></span> <span class='ocrx_word' id='word_1_319' title='bbox 1429 2063 1648 2102; x_wconf 87' lang='lat' dir='ltr'><em>habendum</em></span> <span class='ocrx_word' id='word_1_320' title='bbox 1674 2065 1708 2102; x_wconf 92' lang='lat' dir='ltr'><em>et</em></span> <span class='ocrx_word' id='word_1_321' title='bbox 1731 2064 1836 2101; x_wconf 88' lang='lat' dir='ltr'><em>enim</em></span> <span class='ocrx_word' id='word_1_322' title='bbox 1861 2075 1948 2102; x_wconf 90' lang='lat' dir='ltr'><em>cum</em></span> <span class='ocrx_word' id='word_1_323' title='bbox 1972 2064 2064 2102; x_wconf 87' lang='lat' dir='ltr'><em>aliis</em></span> 
     </span>
     <span class='ocr_line' id='line_1_31' title="bbox 317 2115 1400 2182; baseline 0 -15"><span class='ocrx_word' id='word_1_324' title='bbox 317 2125 457 2182; x_wconf 79' lang='lat' dir='ltr'><em>(nimis</em></span> <span class='ocrx_word' id='word_1_325' title='bbox 475 2128 526 2167; x_wconf 85' lang='lat' dir='ltr'><em>A.</em></span> <span class='ocrx_word' id='word_1_326' title='bbox 539 2123 624 2182; x_wconf 84' lang='lat' dir='ltr'><em>Sp.)</em></span> <span class='ocrx_word' id='word_1_327' title='bbox 650 2130 882 2168; x_wconf 88' lang='lat' dir='ltr'><em>mutandum</em></span> <span class='ocrx_word' id='word_1_328' title='bbox 908 2130 987 2167; x_wconf 83' lang='lat' dir='ltr'><em>erit.</em></span> <span class='ocrx_word' id='word_1_329' title='bbox 1388 2115 1400 2123; x_wconf 50' lang='lat'>⁵</span> 
     </span>
    </p>
   </div>
   <div class='ocr_carea' id='block_1_5' title="bbox 314 2199 2063 2446">
    <p class='ocr_par' dir='ltr' id='par_1_17' title="bbox 314 2199 2063 2446">
     <span class='ocr_line' id='line_1_32' title="bbox 440 2199 2063 2250; baseline -0.001 -11"><span class='ocrx_word' id='word_1_330' title='bbox 440 2202 537 2249; x_wconf 88' lang='grc'>169,</span> <span class='ocrx_word' id='word_1_331' title='bbox 558 2201 595 2238; x_wconf 90' lang='grc'><em>4.</em></span> <span class='ocrx_word' id='word_1_332' title='bbox 634 2200 767 2249; x_wconf 76' lang='lat' dir='ltr'><em>Neque</em></span> <span class='ocrx_word' id='word_1_333' title='bbox 792 2200 1011 2239; x_wconf 85' lang='lat' dir='ltr'><em>delibatum</em></span> <span class='ocrx_word' id='word_1_334' title='bbox 1036 2199 1171 2248; x_wconf 87' lang='lat' dir='ltr'><em>(Mue)</em></span> <span class='ocrx_word' id='word_1_335' title='bbox 1195 2212 1318 2249; x_wconf 78' lang='lat' dir='ltr'><em>neque</em></span> <span class='ocrx_word' id='word_1_336' title='bbox 1341 2199 1589 2239; x_wconf 81' lang='lat' dir='ltr'><em>declaratum</em></span> <span class='ocrx_word' id='word_1_337' title='bbox 1614 2199 1716 2248; x_wconf 83' lang='lat' dir='ltr'><em>(Sp.)</em></span> <span class='ocrx_word' id='word_1_338' title='bbox 1741 2210 1862 2248; x_wconf 75' lang='lat' dir='ltr'><em>neque</em></span> <span class='ocrx_word' id='word_1_339' title='bbox 1886 2199 2063 2250; x_wconf 81' lang='lat' dir='ltr'><em>disputa-</em></span> 
     </span>
     <span class='ocr_line' id='line_1_33' title="bbox 315 2263 2061 2314; baseline -0.001 -10"><span class='ocrx_word' id='word_1_340' title='bbox 315 2267 406 2304; x_wconf 84' lang='lat' dir='ltr'><em>tum</em></span> <span class='ocrx_word' id='word_1_341' title='bbox 431 2263 499 2314; x_wconf 86' lang='lat' dir='ltr'><em>(A.</em></span> <span class='ocrx_word' id='word_1_342' title='bbox 513 2265 597 2314; x_wconf 84' lang='lat' dir='ltr'><em>Sp.)</em></span> <span class='ocrx_word' id='word_1_343' title='bbox 617 2266 862 2314; x_wconf 86' lang='lat' dir='ltr'><em>probabilia:</em></span> <span class='ocrx_word' id='word_1_344' title='bbox 886 2266 990 2304; x_wconf 87' lang='lat' dir='ltr'><em>unde</em></span> <span class='ocrx_word' id='word_1_345' title='bbox 1014 2265 1095 2304; x_wconf 91' lang='lat' dir='ltr'><em>coll.</em></span> <span class='ocrx_word' id='word_1_346' title='bbox 1124 2265 1215 2304; x_wconf 89' lang='lat' dir='ltr'><em>VII</em></span> <span class='ocrx_word' id='word_1_347' title='bbox 1237 2267 1322 2303; x_wconf 89' lang='lat'>106</span> <span class='ocrx_word' id='word_1_348' title='bbox 1348 2265 1437 2304; x_wconf 87' lang='lat' dir='ltr'><em>ausi</em></span> <span class='ocrx_word' id='word_1_349' title='bbox 1459 2276 1596 2303; x_wconf 90' lang='lat' dir='ltr'><em>sumus</em></span> <span class='ocrx_word' id='word_1_350' title='bbox 1621 2266 1787 2314; x_wconf 57' lang='lat' dir='ltr'><em>copitare</em></span> <span class='ocrx_word' id='word_1_351' title='bbox 1811 2265 1858 2303; x_wconf 89' lang='lat' dir='ltr'><em>de</em></span> <span class='ocrx_word' id='word_1_352' title='bbox 1883 2264 2061 2314; x_wconf 87' lang='lat' dir='ltr'><em>deliqua-</em></span> 
     </span>
     <span class='ocr_line' id='line_1_34' title="bbox 314 2329 2062 2379; baseline -0.001 -11"><span class='ocrx_word' id='word_1_353' title='bbox 314 2332 406 2369; x_wconf 82' lang='lat' dir='ltr'><em>tum</em></span> <span class='ocrx_word' id='word_1_354' title='bbox 425 2334 588 2379; x_wconf 87' lang='lat' dir='ltr'><em>propter</em></span> <span class='ocrx_word' id='word_1_355' title='bbox 611 2332 730 2370; x_wconf 79' lang='lat' dir='ltr'><em>verba</em></span> <span class='ocrx_word' id='word_1_356' title='bbox 755 2330 804 2369; x_wconf 89' lang='lat' dir='ltr'><em>ab</em></span> <span class='ocrx_word' id='word_1_357' title='bbox 829 2331 891 2369; x_wconf 89' lang='lat' dir='ltr'><em>his</em></span> <span class='ocrx_word' id='word_1_358' title='bbox 916 2331 1106 2369; x_wconf 85' lang='lat' dir='ltr'><em>fontibus.</em></span> <span class='ocrx_word' id='word_1_359' title='bbox 1137 2331 1236 2368; x_wconf 78' lang='lat' dir='ltr'><em>Mox</em></span> <span class='ocrx_word' id='word_1_360' title='bbox 1256 2330 1306 2368; x_wconf 84' lang='lat' dir='ltr'><em>ad</em></span> <span class='ocrx_word' id='word_1_361' title='bbox 1326 2330 1460 2368; x_wconf 87' lang='lat' dir='ltr'><em>omnia</em></span> <span class='ocrx_word' id='word_1_362' title='bbox 1480 2342 1580 2379; x_wconf 86' lang='lat' dir='ltr'><em>quae</em></span> <span class='ocrx_word' id='word_1_363' title='bbox 1607 2330 1642 2367; x_wconf 85' lang='lat' dir='ltr'><em>d.</em></span> <span class='ocrx_word' id='word_1_364' title='bbox 1663 2331 1801 2375; x_wconf 85' lang='lat' dir='ltr'><em>eontra</em></span> <span class='ocrx_word' id='word_1_365' title='bbox 1825 2329 2062 2379; x_wconf 89' lang='lat' dir='ltr'><em>responden-</em></span> 
     </span>
     <span class='ocr_line' id='line_1_35' title="bbox 314 2391 1986 2446; baseline -0.002 -12"><span class='ocrx_word' id='word_1_366' title='bbox 314 2396 413 2434; x_wconf 82' lang='lat' dir='ltr'><em>dum</em></span> <span class='ocrx_word' id='word_1_367' title='bbox 438 2397 516 2435; x_wconf 88' lang='lat' dir='ltr'><em>trai</em></span> <span class='ocrx_word' id='word_1_368' title='bbox 534 2395 677 2445; x_wconf 83' lang='lat' dir='ltr'><em>A.Sp.‚</em></span> <span class='ocrx_word' id='word_1_369' title='bbox 702 2398 769 2444; x_wconf 80' lang='lat' dir='ltr'><em>qui</em></span> <span class='ocrx_word' id='word_1_370' title='bbox 794 2396 926 2435; x_wconf 84' lang='lat' dir='ltr'><em>debuit</em></span> <span class='ocrx_word' id='word_1_371' title='bbox 948 2397 1084 2435; x_wconf 85' lang='lat' dir='ltr'><em>saltem</em></span> <span class='ocrx_word' id='word_1_372' title='bbox 1109 2395 1159 2433; x_wconf 87' lang='lat' dir='ltr'><em>ad</em></span> <span class='ocrx_word' id='word_1_373' title='bbox 1186 2396 1318 2434; x_wconf 84' lang='lat' dir='ltr'><em>omnia</em></span> <span class='ocrx_word' id='word_1_374' title='bbox 1345 2408 1446 2444; x_wconf 85' lang='lat' dir='ltr'><em>quae</em></span> <span class='ocrx_word' id='word_1_375' title='bbox 1473 2394 1508 2432; x_wconf 86' lang='lat' dir='ltr'><em>d.</em></span> <span class='ocrx_word' id='word_1_376' title='bbox 1536 2396 1673 2433; x_wconf 85' lang='lat' dir='ltr'><em>contra</em></span> <span class='ocrx_word' id='word_1_377' title='bbox 1697 2391 1824 2446; x_wconf 83' lang='lat' dir='ltr'><em>&lt;quid</em></span> <span class='ocrx_word' id='word_1_378' title='bbox 1851 2391 1931 2445; x_wconf 88' lang='lat' dir='ltr'><em>sit&gt;</em></span> <span class='ocrx_word' id='word_1_379' title='bbox 1956 2408 1986 2432; x_wconf 90' lang='lat' dir='ltr'><em>r.</em></span> 
     </span>
    </p>
   </div>
   <div class='ocr_carea' id='block_1_6' title="bbox 311 2462 2065 2776">
    <p class='ocr_par' dir='ltr' id='par_1_18' title="bbox 316 2462 2062 2585">
     <span class='ocr_line' id='line_1_36' title="bbox 442 2462 2062 2516; baseline -0.001 -10"><span class='ocrx_word' id='word_1_380' title='bbox 442 2469 539 2516; x_wconf 85' lang='lat'>169,</span> <span class='ocrx_word' id='word_1_381' title='bbox 556 2470 621 2506; x_wconf 83' lang='lat'><em>12.</em></span> <span class='ocrx_word' id='word_1_382' title='bbox 654 2480 700 2505; x_wconf 86' lang='lat' dir='ltr'><em>ex</em></span> <span class='ocrx_word' id='word_1_383' title='bbox 713 2467 907 2507; x_wconf 83' lang='lat' dir='ltr'><em>divisione</em></span> <span class='ocrx_word' id='word_1_384' title='bbox 922 2486 967 2496; x_wconf 89' lang='lat'>=</span> <span class='ocrx_word' id='word_1_385' title='bbox 982 2480 1028 2506; x_wconf 86' lang='lat' dir='ltr'><em>ex</em></span> <span class='ocrx_word' id='word_1_386' title='bbox 1046 2467 1183 2506; x_wconf 84' lang='lat' dir='ltr'><em>eadem</em></span> <span class='ocrx_word' id='word_1_387' title='bbox 1197 2466 1409 2505; x_wconf 86' lang='lat' dir='ltr'><em>divisione.-</em></span> <span class='ocrx_word' id='word_1_388' title='bbox 1422 2467 1468 2514; x_wconf 80' lang='lat' dir='ltr'><em>cf.</em></span> <span class='ocrx_word' id='word_1_389' title='bbox 1487 2465 1527 2505; x_wconf 84' lang='grc' dir='ltr'>Ο.</span> <span class='ocrx_word' id='word_1_390' title='bbox 1541 2466 1590 2504; x_wconf 88' lang='lat' dir='ltr'><em>F.</em></span> <span class='ocrx_word' id='word_1_391' title='bbox 1609 2467 1668 2506; x_wconf 82' lang='lat' dir='ltr'><em>W</em></span> <span class='ocrx_word' id='word_1_392' title='bbox 1683 2466 1854 2505; x_wconf 79' lang='lat' dir='ltr'><em>Mueller</em></span> <span class='ocrx_word' id='word_1_393' title='bbox 1865 2462 2062 2505; x_wconf 63' lang='lat' dir='ltr'><em>‘Zeitsehrz</em></span> 
     </span>
     <span class='ocr_line' id='line_1_37' title="bbox 316 2525 1378 2585; baseline -0.001 -15"><span class='ocrx_word' id='word_1_394' title='bbox 316 2534 349 2582; x_wconf 85' lang='lat' dir='ltr'><em>f.</em></span> <span class='ocrx_word' id='word_1_395' title='bbox 375 2533 410 2570; x_wconf 85' lang='lat' dir='ltr'><em>d.</em></span> <span class='ocrx_word' id='word_1_396' title='bbox 440 2529 503 2571; x_wconf 60' lang='lat' dir='ltr'><em>G?</em></span> <span class='ocrx_word' id='word_1_397' title='bbox 532 2533 643 2571; x_wconf 91' lang='lat' dir='ltr'><em>XIX</em></span> <span class='ocrx_word' id='word_1_398' title='bbox 658 2545 700 2581; x_wconf 87' lang='lat' dir='ltr'><em>p.</em></span> <span class='ocrx_word' id='word_1_399' title='bbox 728 2534 814 2572; x_wconf 76' lang='lat'><em>423</em></span> <span class='ocrx_word' id='word_1_400' title='bbox 842 2527 894 2585; x_wconf 83' lang='lat' dir='ltr'><em>(v.</em></span> <span class='ocrx_word' id='word_1_401' title='bbox 920 2533 991 2571; x_wconf 87' lang='lat' dir='ltr'><em>IX</em></span> <span class='ocrx_word' id='word_1_402' title='bbox 1016 2534 1102 2571; x_wconf 90' lang='lat'><em>108</em></span> <span class='ocrx_word' id='word_1_403' title='bbox 1125 2533 1167 2570; x_wconf 84' lang='lat' dir='ltr'><em>in</em></span> <span class='ocrx_word' id='word_1_404' title='bbox 1191 2525 1378 2584; x_wconf 73' lang='lat' dir='ltr'><em>tempus).</em></span> 
     </span>
    </p>

    <p class='ocr_par' dir='ltr' id='par_1_19' title="bbox 311 2593 2065 2776">
     <span class='ocr_line' id='line_1_38' title="bbox 442 2593 2061 2649; baseline -0.002 -13"><span class='ocrx_word' id='word_1_405' title='bbox 442 2599 539 2647; x_wconf 86' lang='lat'>169,</span> <span class='ocrx_word' id='word_1_406' title='bbox 561 2599 626 2637; x_wconf 89' lang='lat'><em>13.</em></span> <span class='ocrx_word' id='word_1_407' title='bbox 667 2612 739 2648; x_wconf 90' lang='lat' dir='ltr'><em>per</em></span> <span class='ocrx_word' id='word_1_408' title='bbox 770 2600 953 2648; x_wconf 86' lang='lat' dir='ltr'><em>tempora</em></span> <span class='ocrx_word' id='word_1_409' title='bbox 985 2593 1211 2649; x_wconf 82' lang='lat' dir='ltr'><em>t&lt;e&gt;r&lt;n&gt;a</em></span> <span class='ocrx_word' id='word_1_410' title='bbox 1237 2596 1327 2635; x_wconf 89' lang='lat' dir='ltr'><em>duci</em></span> <span class='ocrx_word' id='word_1_411' title='bbox 1359 2598 1493 2647; x_wconf 84' lang='lat' dir='ltr'><em>potest</em></span> <span class='ocrx_word' id='word_1_412' title='bbox 1520 2597 1573 2635; x_wconf 89' lang='lat' dir='ltr'><em>H.</em></span> <span class='ocrx_word' id='word_1_413' title='bbox 1587 2596 1758 2635; x_wconf 82' lang='lat' dir='ltr'><em>Schmidt</em></span> <span class='ocrx_word' id='word_1_414' title='bbox 1785 2594 1932 2635; x_wconf 80' lang='lat' dir='ltr'><em>‘Doctr.</em></span> <span class='ocrx_word' id='word_1_415' title='bbox 1951 2599 2061 2645; x_wconf 86' lang='lat' dir='ltr'><em>temp.</em></span> 
     </span>
     <span class='ocr_line' id='line_1_39' title="bbox 316 2660 2065 2712; baseline -0.001 -10"><span class='ocrx_word' id='word_1_416' title='bbox 316 2663 427 2702; x_wconf 74' lang='lat' dir='ltr'><em>verbi</em></span> <span class='ocrx_word' id='word_1_417' title='bbox 454 2662 523 2702; x_wconf 83' lang='lat' dir='ltr'><em>Gr.</em></span> <span class='ocrx_word' id='word_1_418' title='bbox 550 2666 585 2702; x_wconf 92' lang='lat' dir='ltr'><em>et</em></span> <span class='ocrx_word' id='word_1_419' title='bbox 607 2660 672 2702; x_wconf 66' lang='lat' dir='ltr'><em>L?</em></span> <span class='ocrx_word' id='word_1_420' title='bbox 703 2676 746 2711; x_wconf 92' lang='lat' dir='ltr'><em>p.</em></span> <span class='ocrx_word' id='word_1_421' title='bbox 776 2663 830 2702; x_wconf 83' lang='lat'><em>15</em></span> <span class='ocrx_word' id='word_1_422' title='bbox 866 2662 920 2712; x_wconf 86' lang='lat' dir='ltr'><em>(et</em></span> <span class='ocrx_word' id='word_1_423' title='bbox 952 2666 1067 2702; x_wconf 88' lang='lat' dir='ltr'><em>antea</em></span> <span class='ocrx_word' id='word_1_424' title='bbox 1093 2675 1139 2701; x_wconf 82' lang='lat' dir='ltr'><em>ex</em></span> <span class='ocrx_word' id='word_1_425' title='bbox 1165 2673 1243 2710; x_wconf 87' lang='lat' dir='ltr'><em>pro</em></span> <span class='ocrx_word' id='word_1_426' title='bbox 1269 2663 1309 2700; x_wconf 84' lang='lat' dir='ltr'><em>et</em></span> <span class='ocrx_word' id='word_1_427' title='bbox 1333 2675 1397 2707; x_wconf 76' lang='lat' dir='ltr'><em>eX,</em></span> <span class='ocrx_word' id='word_1_428' title='bbox 1421 2662 1488 2700; x_wconf 90' lang='lat' dir='ltr'><em>ubi</em></span> <span class='ocrx_word' id='word_1_429' title='bbox 1513 2662 1553 2700; x_wconf 90' lang='lat' dir='ltr'><em>et</em></span> <span class='ocrx_word' id='word_1_430' title='bbox 1576 2660 1718 2711; x_wconf 76' lang='lat' dir='ltr'><em>vulq.).·</em></span> <span class='ocrx_word' id='word_1_431' title='bbox 1751 2663 1799 2710; x_wconf 79' lang='lat' dir='ltr'><em>cf.</em></span> <span class='ocrx_word' id='word_1_432' title='bbox 1824 2661 1874 2700; x_wconf 88' lang='lat' dir='ltr'><em>R.</em></span> <span class='ocrx_word' id='word_1_433' title='bbox 1893 2661 2065 2700; x_wconf 79' lang='lat' dir='ltr'><em>Schmidt</em></span> 
     </span>
     <span class='ocr_line' id='line_1_40' title="bbox 311 2723 1098 2776; baseline -0.001 -10"><span class='ocrx_word' id='word_1_434' title='bbox 311 2740 357 2776; x_wconf 91' lang='lat' dir='ltr'><em>p.</em></span> <span class='ocrx_word' id='word_1_435' title='bbox 388 2729 444 2766; x_wconf 92' lang='grc'>68</span> <span class='ocrx_word' id='word_1_436' title='bbox 469 2731 504 2767; x_wconf 90' lang='lat' dir='ltr'><em>et</em></span> <span class='ocrx_word' id='word_1_437' title='bbox 526 2728 715 2767; x_wconf 82' lang='lat' dir='ltr'><em>Steinthal</em></span> <span class='ocrx_word' id='word_1_438' title='bbox 739 2723 788 2766; x_wconf 79' lang='grc' dir='ltr'><em>Ι2</em></span> <span class='ocrx_word' id='word_1_439' title='bbox 806 2741 848 2776; x_wconf 87' lang='lat' dir='ltr'><em>p.</em></span> <span class='ocrx_word' id='word_1_440' title='bbox 875 2730 973 2767; x_wconf 88' lang='lat'>311.</span> <span class='ocrx_word' id='word_1_441' title='bbox 1000 2730 1098 2766; x_wconf 92' lang='lat'>316.</span> 
     </span>
    </p>
   </div>
   <div class='ocr_carea' id='block_1_7' title="bbox 317 2793 2064 3042">
    <p class='ocr_par' dir='ltr' id='par_1_20' title="bbox 317 2793 2064 3042">
     <span class='ocr_line' id='line_1_41' title="bbox 444 2793 2064 2851; baseline -0.001 -14"><span class='ocrx_word' id='word_1_442' title='bbox 444 2801 541 2848; x_wconf 87' lang='lat'>169,</span> <span class='ocrx_word' id='word_1_443' title='bbox 563 2801 616 2838; x_wconf 90' lang='grc'><em>23</em></span> <span class='ocrx_word' id='word_1_444' title='bbox 631 2812 685 2848; x_wconf 78' lang='lat' dir='ltr'><em>sq.</em></span> <span class='ocrx_word' id='word_1_445' title='bbox 717 2800 893 2850; x_wconf 85' lang='lat' dir='ltr'><em>percussi</em></span> <span class='ocrx_word' id='word_1_446' title='bbox 917 2811 1144 2849; x_wconf 86' lang='lat' dir='ltr'><em>percussero</em></span> <span class='ocrx_word' id='word_1_447' title='bbox 1163 2810 1434 2848; x_wconf 86' lang='lat' dir='ltr'><em>percusseram</em></span> <span class='ocrx_word' id='word_1_448' title='bbox 1454 2793 1548 2851; x_wconf 85' lang='lat' dir='ltr'><em>(pro</em></span> <span class='ocrx_word' id='word_1_449' title='bbox 1573 2795 1750 2847; x_wconf 76' lang='lat' dir='ltr'><em>percussi</em></span> <span class='ocrx_word' id='word_1_450' title='bbox 1774 2798 1952 2847; x_wconf 80' lang='lat' dir='ltr'><em>percutio</em></span> <span class='ocrx_word' id='word_1_451' title='bbox 1977 2810 2064 2848; x_wconf 90' lang='lat' dir='ltr'><em>per·</em></span> 
     </span>
     <span class='ocr_line' id='line_1_42' title="bbox 317 2857 2063 2918; baseline -0.002 -15"><span class='ocrx_word' id='word_1_452' title='bbox 317 2859 488 2918; x_wconf 85' lang='lat' dir='ltr'><em>cutiam)</em></span> <span class='ocrx_word' id='word_1_453' title='bbox 513 2866 613 2904; x_wconf 85' lang='lat' dir='ltr'><em>Mue</em></span> <span class='ocrx_word' id='word_1_454' title='bbox 636 2867 815 2913; x_wconf 74' lang='lat' dir='ltr'><em>itemque,</em></span> <span class='ocrx_word' id='word_1_455' title='bbox 840 2865 908 2904; x_wconf 88' lang='lat' dir='ltr'><em>sed</em></span> <span class='ocrx_word' id='word_1_456' title='bbox 941 2866 1097 2903; x_wconf 85' lang='lat' dir='ltr'><em>traiecto</em></span> <span class='ocrx_word' id='word_1_457' title='bbox 1121 2875 1390 2913; x_wconf 85' lang='lat' dir='ltr'><em>percusseram</em></span> <span class='ocrx_word' id='word_1_458' title='bbox 1413 2863 1589 2913; x_wconf 87' lang='lat' dir='ltr'><em>percussi</em></span> <span class='ocrx_word' id='word_1_459' title='bbox 1614 2874 1841 2912; x_wconf 86' lang='lat' dir='ltr'><em>percussero</em></span> <span class='ocrx_word' id='word_1_460' title='bbox 1869 2857 1923 2916; x_wconf 88' lang='lat' dir='ltr'><em>(et</em></span> <span class='ocrx_word' id='word_1_461' title='bbox 1946 2864 2063 2901; x_wconf 88' lang='lat' dir='ltr'><em>antea</em></span> 
     </span>
     <span class='ocr_line' id='line_1_43' title="bbox 320 2925 2064 2982; baseline -0.001 -15"><span class='ocrx_word' id='word_1_462' title='bbox 320 2930 512 2968; x_wconf 86' lang='lat' dir='ltr'><em>feriebam</em></span> <span class='ocrx_word' id='word_1_463' title='bbox 545 2930 644 2968; x_wconf 85' lang='lat' dir='ltr'><em>ferio</em></span> <span class='ocrx_word' id='word_1_464' title='bbox 679 2925 853 2982; x_wconf 86' lang='lat' dir='ltr'><em>feriam),</em></span> <span class='ocrx_word' id='word_1_465' title='bbox 887 2930 953 2978; x_wconf 85' lang='lat' dir='ltr'><em>Sp.</em></span> <span class='ocrx_word' id='word_1_466' title='bbox 989 2951 1044 2956; x_wconf 92' lang='lat'><em>-—</em></span> <span class='ocrx_word' id='word_1_467' title='bbox 1079 2930 1324 2967; x_wconf 79' lang='lat' dir='ltr'><em>Testimoniis</em></span> <span class='ocrx_word' id='word_1_468' title='bbox 1357 2928 1458 2967; x_wconf 90' lang='lat' dir='ltr'><em>adde</em></span> <span class='ocrx_word' id='word_1_469' title='bbox 1494 2927 1580 2967; x_wconf 80' lang='lat' dir='ltr'><em>GL.</em></span> <span class='ocrx_word' id='word_1_470' title='bbox 1614 2928 1646 2965; x_wconf 91' lang='lat' dir='ltr'><strong><em>I</em></strong></span> <span class='ocrx_word' id='word_1_471' title='bbox 1670 2929 1771 2973; x_wconf 78' lang='lat'>261,</span> <span class='ocrx_word' id='word_1_472' title='bbox 1791 2929 1860 2966; x_wconf 82' lang='lat'><em>34.</em></span> <span class='ocrx_word' id='word_1_473' title='bbox 1894 2928 1995 2972; x_wconf 83' lang='lat'><em>380,</em></span> <span class='ocrx_word' id='word_1_474' title='bbox 2015 2929 2064 2974; x_wconf 90' lang='grc'><em>9,·</em></span> 
     </span>
     <span class='ocr_line' id='line_1_44' title="bbox 321 2993 1334 3042; baseline -0.001 -10"><span class='ocrx_word' id='word_1_475' title='bbox 321 2994 380 3032; x_wconf 92' lang='grc' dir='ltr'><em>ΙΙ</em></span> <span class='ocrx_word' id='word_1_476' title='bbox 399 2996 498 3040; x_wconf 81' lang='grc'>419,</span> <span class='ocrx_word' id='word_1_477' title='bbox 518 2996 567 3042; x_wconf 83' lang='grc'>3,·</span> <span class='ocrx_word' id='word_1_478' title='bbox 594 2996 630 3033; x_wconf 91' lang='lat' dir='ltr'><strong><em>V</em></strong></span> <span class='ocrx_word' id='word_1_479' title='bbox 651 2997 750 3040; x_wconf 78' lang='grc'>382,</span> <span class='ocrx_word' id='word_1_480' title='bbox 771 2997 837 3034; x_wconf 88' lang='grc'>31.</span> <span class='ocrx_word' id='word_1_481' title='bbox 867 2997 964 3039; x_wconf 82' lang='grc'>436,</span> <span class='ocrx_word' id='word_1_482' title='bbox 981 2996 1047 3034; x_wconf 91' lang='lat'>18.</span> <span class='ocrx_word' id='word_1_483' title='bbox 1077 2995 1173 3039; x_wconf 75' lang='lat'>654,</span> <span class='ocrx_word' id='word_1_484' title='bbox 1196 2993 1263 3038; x_wconf 88' lang='grc'>15,</span> <span class='ocrx_word' id='word_1_485' title='bbox 1284 2994 1334 3031; x_wconf 85' lang='lat' dir='ltr'><em>al.</em></span> 
     </span>
    </p>
   </div>
  </div>
 </body>
</html>
