2144 3340
215 391 271 437 Μ.
291 392 541 436 Terentium
566 391 806 435 Varronem
836 390 972 434 libros
1005 390 1056 433 de
1086 389 1238 448 lingua
1273 389 1410 433 latina
1441 387 1577 444 XXV,
1614 388 1659 431 in
1695 387 1856 445 quibus

94 464 403 522 componendis
435 478 532 507 eum
562 463 687 506 annis
719 478 754 505 a.
787 461 831 505 O.
863 477 904 505 n.
936 461 1115 505 47-45
1147 463 1404 518 occupatum
1435 460 1571 504 fuisse
1602 475 1655 503 ex
1687 458 1854 503 Cicero-

93 536 163 582 nis
195 535 451 593 quibusdam
482 535 590 579 locis
622 550 648 577 a
677 534 884 578 Muellero
916 535 1106 591 primum
1139 535 1252 577 recte
1284 532 1492 576 adhibitis
1524 531 1598 590 (ad
1627 530 1719 575 Att.
1746 530 1854 574 XIII

98 608 166 665 12,
193 608 233 651 3.
278 607 345 665 16,
373 608 417 665 13
448 607 515 650 18.
557 607 678 663 epist.
714 605 776 650 IX
803 606 829 649 8
871 608 914 649 et
945 604 1076 649 Acad.
1107 607 1218 662 post.
1250 604 1271 648 I
1307 605 1487 662 l,2sq.)
1528 604 1728 659 efficitur,
1764 618 1852 646 non

94 678 290 724 edendos.
305 679 531 736 reliquisse
562 678 659 721 aliis
684 703 743 709 -—
770 693 878 734 quae
908 677 1107 721 Muelleri
1138 678 1279 721 fuerat
1311 677 1524 720 sententia
1549 676 1692 735 (Varr.
1719 676 1854 732 praef.

93 766 134 809 p.
148 750 343 794 VI—XI.
371 751 426 807 L3
452 750 566 794 Fest.
585 752 716 807 praef.
742 767 784 808 p.
803 749 948 793 XXIX
962 748 1044 807 sq.)
1065 750 1341 793 Lachmanno
1364 747 1619 807 (‘K1.Seh1.’
1634 747 1729 804 Hp.
1747 747 1852 805 164)

94 838 144 868 ac
163 822 402 867 Bitschelio
423 821 599 880 (Opusc.
621 821 686 866 ΙΙΙ
706 839 745 879 p.
767 821 854 865 465
869 820 952 880 sq.)
971 821 1157 879 probata
1179 847 1245 878 —-,
1265 821 1340 864 sed
1366 821 1509 878 ipsum
1534 820 1727 864 emisisse
1752 822 1853 877 post

94 894 366 938 Leonardum
393 893 582 953 Spengel
607 893 821 952 (‘Abh.‘d.
847 894 987 950 bayer.
1010 893 1164 937 Akad?
1191 892 1275 936 VH
1301 895 1342 951 2,
1373 909 1408 936 a.
1432 892 1559 949 1854,
1590 908 1631 949 p.
1658 893 1745 935 443
1759 907 1854 948 sqq.

92 970 136 1010 et
166 965 320 1024 praef.¹
350 982 390 1024 p.
417 965 646 1024 XXXVII)
681 969 724 1009 et
750 965 997 1023 Augustum
1024 965 1270 1009 Wilmanns
1303 964 1375 1024 (de
1400 964 1522 1008 Varr.
1548 964 1645 1008 libr.
1672 980 1850 1022 gramm.

91 1055 132 1097 p.
147 1039 202 1082 37
213 1038 324 1097 sqq.)
346 1053 423 1082 cur
439 1053 646 1097 negemus
665 1040 829 1082 nullam
848 1038 1061 1081 rationem
1082 1041 1250 1081 exstare
1271 1052 1510 1094 censemus3
1536 1037 1611 1093 qui
1636 1037 1719 1080 hoc
1739 1039 1855 1080 recte

91 1113 222 1154 etiam
253 1126 305 1154 ex
337 1126 387 1154 eo
421 1112 735 1163 concluserunt,
774 1110 890 1167 quod
921 1109 1162 1153 Varronem
1193 1110 1348 1153 horum
1386 1110 1599 1152 librorum
1634 1110 1852 1166 epitomen

93 1183 329 1226 confecisse
359 1182 617 1238 Hieronymi
658 1182 787 1225 index
819 1185 967 1238 aperte
1007 1183 1194 1225 testatur
1231 1180 1304 1239 (cf.
1337 1181 1567 1225 Ritschelii
1600 1180 1754 1238 Opusc.
1788 1179 1852 1223 III

91 1270 132 1310 p.
158 1252 284 1311 526):
316 1269 446 1311 quam
471 1269 568 1296 eum
599 1254 723 1297 libris
754 1254 945 1296 nondum
971 1253 1025 1296 ad
1050 1254 1180 1296 finem
1206 1253 1402 1296 adductis
1428 1253 1853 1297 accommodatur-um

90 1325 223 1369 fuisse
264 1325 599 1382 haudquaquam
641 1325 867 1381 probabile
908 1327 983 1368 est.
1054 1325 1197 1380 Atque
1235 1325 1286 1368 de
1325 1327 1496 1381 syntaxi
1536 1326 1671 1369 fuisse
1714 1325 1854 1369 libros

91 1397 316 1440 duodecim
349 1398 423 1454 qui
455 1399 612 1441 mirum
644 1411 737 1440 esse
769 1397 1055 1454 affirmabant,
1089 1396 1382 1454 Chrysippum
1409 1398 1460 1441 de
1491 1397 1640 1441 eadem
1672 1399 1853 1441 materia

89 1469 228 1512 multo
260 1470 404 1525 plures
436 1469 664 1525 reliquisse
696 1469 859 1526 optime
891 1468 1138 1512 Wilmanns
1172 1468 1231 1526 (p.
1262 1468 1336 1527 15)
1369 1470 1586 1526 opposuit.
1651 1469 1851 1513 Ceterum

89 1541 269 1584 triadem
313 1541 366 1584 ad
405 1539 678 1598 Septumium
716 1541 860 1584 datam
894 1540 939 1599 (l.
964 1539 1153 1599 II—IV)
1197 1541 1318 1597 prius
1358 1541 1550 1585 emisisse
1595 1542 1850 1598 scriptorem

90 1611 277 1669 Spengel
297 1612 342 1670 (l.
358 1627 389 1655 s.
405 1612 456 1670 s.)
477 1627 565 1656 non
590 1612 702 1656 male
721 1613 916 1669 coniecit,
937 1613 1070 1670 ‘quod
1095 1614 1132 1656 si
1158 1628 1247 1656 non
1270 1614 1457 1670 fecisset,
1482 1614 1701 1670 integrum
1728 1629 1853 1671 opuS,

89 1683 214 1727 XXV
231 1684 380 1741 libros,
397 1699 486 1728 non
504 1684 630 1728 XXII
651 1685 848 1728 Ciceroni
869 1685 1139 1728 dedicasset':
1167 1685 1331 1728 scilicet
1355 1686 1543 1741 primum
1569 1685 1730 1730 librum
1754 1700 1853 1729 con-

89 1756 204 1801 fecto
225 1756 396 1799 demum
423 1757 555 1813 operi,
580 1771 670 1800 non
689 1757 819 1800 triadi
843 1757 922 1813 illi,
947 1757 1232 1813 praemissum
1259 1772 1350 1800 esse
1375 1761 1489 1801 recte
1515 1758 1714 1801 homines
1735 1758 1852 1801 docti

90 1828 255 1885 opinati
287 1831 388 1872 sunt
419 1829 550 1885 idque
575 1829 902 1872 commendatur
927 1829 1058 1872 etiam
1089 1830 1185 1886 ipso
1212 1829 1426 1886 principio
1452 1829 1554 1873 libri
1581 1830 1734 1886 quinti.
1785 1830 1850 1874 Ac

90 1900 141 1943 de
165 1900 345 1956 ratione,
370 1915 456 1956 qua
475 1899 724 1944 Ciceronem
752 1900 925 1957 saepius
950 1901 1190 1957 alloquitur
1208 1901 1361 1957 Varro,
1387 1902 1467 1944 etsi
1493 1916 1582 1945 non
1606 1902 1848 1946 nominavit

88 1971 174 2014 nisi
214 1971 259 2013 in
300 1971 568 2029 singulorum
608 1972 818 2015 librorum
859 1973 1227 2028 inscriptionibus,
1269 1973 1379 2016 dixit
1410 1973 1582 2017 Vahlen
1613 1975 1660 2016 in
1691 1972 1851 2030 Opusc.

91 2042 206 2085 acad.
239 2041 259 2085 I
291 2059 333 2100 p.
365 2043 464 2085 392.
539 2042 764 2086 Praeterea
807 2059 908 2086 vero
954 2044 999 2087 in
1043 2045 1136 2087 eius
1179 2044 1388 2088 honorem
1434 2046 1679 2101 exemplum
1722 2046 1850 2089 finxit

91 2114 257 2158 ‘consul
296 2114 381 2157 fuit
413 2114 581 2158 Tullius
623 2117 666 2157 et
695 2114 930 2158 Antonius’
962 2131 1001 2171 p.
1031 2115 1129 2171 128,
1150 2116 1175 2158 8
1219 2114 1287 2172 (ut
1325 2120 1501 2172 propter
1533 2132 1658 2160 suum
1690 2133 1851 2160 nomen

88 2186 305 2229 interdum
338 2186 546 2229 ‘Marcus’
579 2201 627 2229 ac
659 2186 830 2243 saepius
864 2186 1126 2229 ‘Terentius'
1159 2203 1239 2243 pro
1272 2189 1469 2244 exemplo
1501 2190 1627 2246 ponit
1658 2190 1851 2246 itemque

91 2256 330 2301 ‘Reatinus’
364 2258 540 2301 adhibet
572 2257 842 2313 Sabinosque
873 2273 962 2300 non
994 2273 1091 2301 raro
1123 2258 1316 2315 respicit:
1348 2276 1385 2303 v.
1418 2259 1553 2304 Index
1586 2276 1618 2304 S.
1644 2262 1716 2319 v.).

208 2324 274 2372 De
304 2330 408 2372 fatis
440 2344 549 2386 quae
588 2330 691 2372 libri
731 2329 962 2373 habuerint
1001 2331 1154 2387 primis
1185 2334 1286 2388 post
1316 2332 1550 2376 editionem
1582 2334 1851 2390 temporibus

88 2403 165 2444 aut
195 2401 305 2444 nihil
336 2404 411 2444 aut
442 2416 530 2445 non
561 2401 698 2445 multa
729 2403 897 2445 scimus.
952 2401 1068 2453 Quae
1100 2403 1215 2460 apud
1246 2403 1431 2460 Livium,
1457 2404 1714 2463 Vergilium,
1744 2406 1848 2449 Pro-

88 2474 287 2529 pertium,
319 2472 520 2517 Ovidium
555 2474 608 2516 ad
639 2473 878 2517 Varronem
920 2474 1058 2518 redire
1090 2474 1301 2531 videntur,
1332 2475 1658 2533 Antiquitatum
1699 2479 1849 2534 potius

86 2544 221 2588 libros
246 2544 459 2601 resipiunt
491 2560 620 2600 quam
652 2545 966 2603 grammaticos.
1018 2545 1153 2589 Novit
1183 2547 1317 2590 libros
1349 2547 1469 2604 (ante
1501 2564 1536 2591 a.
1563 2549 1618 2592 27
1653 2564 1688 2591 a.
1716 2549 1758 2591 C.
1787 2550 1850 2607 n.)

88 2615 420 2674 Vitruvius1),
445 2617 568 2660 cuius
587 2617 719 2660 verba
743 2618 908 2673 primae
927 2618 1111 2675 paginae
1131 2619 1419 2674 praefiximus.
1452 2619 1684 2664 Verrium
1704 2621 1847 2665 Flac-

89 2701 197 2731 cum
229 2689 304 2744 qui
336 2689 381 2730 in
412 2689 561 2732 multis
586 2703 685 2731 cum
711 2688 905 2732 Varrone
937 2689 1156 2745 conspirat
1188 2690 1427 2734 doctrinam
1455 2707 1576 2735 suam
1603 2693 1739 2736 videri
1771 2694 1847 2736 ali·
1926 2702 1933 2709 '

89 2759 201 2802 unde
226 2760 400 2816 petiisse
425 2760 510 2803 iam
532 2760 716 2803 Mueller
735 2759 998 2818 exposuit²):
1023 2762 1227 2805 nimirum
1247 2777 1299 2804 ex
1319 2764 1472 2807 iisdem
1491 2764 1626 2819 libris,
1645 2765 1847 2821 inprimis

210 2843 243 2888 1)
271 2841 323 2877 cf.
349 2841 566 2877 Lachmann
591 2841 615 2877 1.
644 2854 670 2877 s.
698 2853 742 2886 s.,
771 2841 1016 2886 Sontheimer‚
1045 2842 1193 2878 ‘Vitruv
1218 2844 1296 2879 und
1322 2844 1425 2880 seine
1450 2845 1560 2890 Zeit',
1586 2858 1621 2892 p.
1651 2850 1713 2890 ⁷0;
1742 2851 1796 2882 71.

208 2902 243 2945 2)
269 2900 372 2937 Festi
405 2901 521 2947 praef.
555 2913 591 2947 p.
618 2901 754 2937 XXIX:
791 2901 986 2938 ‘Varronis
1020 2913 1165 2949 gnavus
1202 2903 1351 2940 cultor.
1374 2932 1381 2940 .
1404 2933 1412 2941 .
1439 2905 1647 2941 doctissimi
1682 2906 1845 2941 hominis

86 2959 202 2996 libros
229 2960 275 2995 de
300 2960 325 2997 1.
351 2960 375 2996 1.
402 2972 607 3006 numquam
641 2962 826 2997 memorat
859 2962 898 2997 et
930 2961 1027 2997 nihil
1054 2972 1099 2997 ex
1132 2962 1179 2998 iis
1205 2964 1420 3009 excerpsit’.
1470 2965 1579 3001 Adde
1605 2976 1702 3010 quae
1729 2965 1845 3001 Goetz

92 3018 258 3064 (Quaest.
279 3020 384 3056 Varr.
410 3032 447 3066 p.
467 3020 515 3066 V)
542 3020 588 3056 de
614 3031 659 3056 ea
683 3033 722 3056 re
749 3021 970 3067 disputavit.
