2176 3386
323 120 411 163 270
1007 121 1382 157 ADNOTATIONES

446 234 514 282 88,
538 235 604 273 21.
637 233 710 272 alii
733 230 861 284 (alii)
884 234 1032 273 Vahlen
1055 228 1183 273 Enn.²
1200 245 1243 281 p.
1265 234 1437 273 XXXV
1456 235 1523 273 vix
1546 234 1672 273 lenius
1696 236 1900 285 minusque
1923 238 2020 284 apte.
2054 262 2059 265 -

447 300 515 348 88,
537 301 590 337 22
607 311 661 347 sq.
701 297 846 347 Ayitur
876 300 923 337 cle
951 298 1125 337 Cosconii
1157 299 1255 337 libro
1279 300 1346 347 qui
1369 300 1447 347 fuit
1472 297 1533 338 ‘de
1557 296 1800 339 actionibus':
1834 302 1882 349 cf.
1907 300 2069 346 Norden

327 364 417 402 Ine.
445 366 522 402 leet.
552 364 770 413 Gryphisw.
797 376 832 404 a.
863 364 975 403 1895
996 376 1038 412 p.
1065 364 1143 409 JV,
1165 364 1426 404 Reitzenstein
1443 377 1487 413 p.
1514 367 1589 410 41,
1614 365 1804 404 Fumawli
1821 377 1862 414 p.
1886 356 1982 404 10'9.

447 430 515 478 88,
536 430 590 468 23
604 441 658 477 sq.
694 429 754 478 Cf.
779 429 1030 478 Krumbieyel
1047 441 1089 477 p.
1111 430 1179 468 32.

446 495 513 543 89,
536 496 572 533 6.
608 494 666 543 Of.
688 495 818 543 Beryk
839 493 978 542 Opusc.
997 495 1028 532 I
1041 506 1082 542 Ρ.
1103 495 1191 533 248
1217 498 1251 533 et
1268 495 1489 534 Mommsen
1509 492 1702 534 ‘Staatsr.'
1723 496 1752 533 I
1757 490 1774 516 ⁸
1790 507 1833 545 Ρ.
1857 497 1912 534 93
1925 495 2015 536 adn.
2029 496 2070 534 3.

325 560 381 598 II
404 554 449 598 1³
465 573 507 608 p.
536 561 623 599 362
648 560 739 599 adn.
766 581 824 586 —
848 572 961 598 reum
979 571 1056 608 pro
1082 572 1188 604 eum,
1214 560 1315 608 quod
1339 561 1439 598 inter
1463 561 1694 599 mutationes
1717 561 1833 599 liuius
1858 561 1931 599 loci
1947 561 2071 609 plane

328 625 588 664 intolerabiles
611 626 726 664 habet
752 624 890 669 CanaZ,
915 626 1089 664 vindicat
1112 625 1324 664 Buecheler
1350 622 1519 664 ‘Umbr.'
1539 638 1582 674 p.
1610 626 1667 664 90
1692 626 1758 674 (cf.
1785 624 1950 674 testim).

446 692 513 739 89,
537 692 602 728 12.
635 703 681 730 ao
700 703 789 729 cum
808 686 964 742 mittas]
985 690 1036 728 ad
1056 689 1236 729 comitias
1250 691 1470 729 Mommsen
1483 690 1591 738 apud
1603 690 1826 729 Brunsium
1840 690 2069 730 dubitanter.
2147 688 2150 690 ’

446 756 513 805 89,
537 757 602 794 14.
633 755 822 804 Βοαῐὶῃενὸ
842 757 1131 803 explicationem
1143 757 1360 803 scripturae
1373 755 1592 794 cessoribus
1611 757 1751 794 iterwm
1763 755 1930 804 protulit
1942 755 2073 794 Christ

325 819 443 859 Arch.
469 821 528 858 II
539 833 582 868 p.
613 822 708 860 622.

448 887 515 935 89,
538 887 604 924 16.
637 899 790 925 moeros
816 898 903 924 cum
927 886 1029 935 vulq.
1050 886 1270 924 Buecheler.

446 953 513 1000 90,
535 953 559 989 5
574 964 627 999 sq.
661 952 823 990 chorum
846 951 1105 1001 Proserpinae
1130 963 1216 990 cum
1234 951 1288 990 ad
1313 951 1551 1000 trayoeoliam
1569 951 1786 990 rettulerint
1802 952 1886 996 alii,
1905 950 2074 990 Ribbeck

326 1017 417 1055 dicit
442 1013 698 1065 ‘probabilius
717 1016 841 1055 videri
865 1017 1031 1065 intelleqi
1049 1017 1234 1065 hymnum
1251 1017 1294 1054 in
1313 1027 1445 1054 sacros
1463 1028 1560 1054 usus
1579 1012 1856 1065 compositum’:
1880 1017 1946 1055 vix
1963 1018 2071 1056 recte.

326 1082 452 1120 Immo
483 1084 527 1120 ut
555 1081 744 1120 Nereides
769 1083 952 1120 dicuntur
976 1081 1118 1120 chorus
1149 1081 1269 1120 Nerei
1296 1079 1433 1129 (Apul.
1460 1081 1560 1129 apol.
1582 1083 1635 1120 31
1657 1093 1699 1130 p.
1721 1082 1790 1127 38,
1812 1080 1986 1129 1Helm)
2017 1082 2074 1121 sic

327 1147 468 1186 chorus
493 1147 754 1197 Proserpinae
780 1147 833 1186 ad
858 1146 1096 1185 Eumenides
1122 1147 1348 1195 referendus
1374 1148 1463 1191 erit,
1488 1149 1533 1184 ut
1555 1148 1720 1195 fortasse
1744 1147 1871 1185 Ennii
1895 1146 2075 1195 fabulam

336 1213 463 1251 Varro
486 1214 685 1262 siqniftcet.

452 1286 524 1332 90,
555 1285 620 1322 12.
680 1283 825 1323 Contra
862 1283 904 1322 Ο.
939 1283 1176 1323 Muellerum
1217 1285 1264 1332 cf.
1310 1283 1350 1322 0.
1373 1283 1421 1322 F.
1454 1283 1513 1322 W.
1537 1283 1707 1322 Mueller
1742 1280 1939 1322 εΖεότεεῖιν.
1974 1284 2003 1332 f.
2037 1283 2074 1322 d.

330 1346 626 1399 Gymnasialw?
655 1349 766 1387 XIX
790 1349 844 1397 (a.
875 1349 1008 1397 1865)
1028 1361 1070 1397 Ρ.
1092 1350 1188 1387 869.

452 1422 519 1470 90,
543 1422 608 1459 14.
652 1421 715 1460 Dc
748 1420 941 1472 inlegium
975 1422 1105 1469 forma
1140 1420 1312 1468 quadam
1346 1420 1486 1467 coyitat
1508 1419 1618 1464 Mue,
1641 1429 1722 1457 non
1745 1421 1851 1458 recte.
1895 1417 2076 1457 inlicium

327 1484 445 1538 <eum
471 1482 521 1537 e>
547 1488 735 1536 seriptum
765 1489 799 1524 ct
832 1497 921 1524 mox
956 1486 1052 1535 quia
1066 1479 1120 1539 (J)
1153 1497 1243 1524 cum
1269 1484 1301 1522 Ε
1331 1481 1407 1536 <Ι>
1434 1485 1474 1522 et
1500 1482 1528 1521 O
1555 1496 1643 1523 eum
1671 1482 1704 1522 G
1735 1495 1922 1534 magnam
1956 1483 2078 1522 habet

329 1552 654 1591 communitatem
680 1552 786 1590 Ellis
811 1552 834 1590 l.
860 1563 890 1590 s.
916 1562 947 1590 s.
967 1563 1008 1599 Ρ.
1036 1552 1121 1589 361
1149 1545 1258 1603 (eum
1282 1550 1339 1588 EI
1363 1550 1443 1589 cod.
1469 1549 1592 1588 Barb.
1620 1548 1728 1597 apud
1752 1543 2074 1602 Antonibonum).

449 1624 516 1669 90,
539 1625 591 1662 19
607 1635 683 1671 sqq.
720 1622 778 1672 Cf.
808 1623 1029 1661 Wilmanns
1046 1634 1088 1671 p.
1118 1623 1171 1659 64
1199 1621 1290 1659 adn.
1316 1622 1356 1660 2.

449 1690 517 1737 91,
540 1691 560 1726 1
577 1700 631 1737 sq.
663 1691 871 1738 praeterea
894 1683 1114 1739 <depsere>
1140 1700 1164 1725 a
1188 1686 1378 1738 δεψῆσαις
1403 1685 1453 1724 ab
1480 1698 1526 1724 eo
1553 1686 1656 1735 quod
1684 1687 1744 1724 est
1770 1684 1979 1736 μαλάσσειν
2004 1697 2077 1724 nos

328 1754 541 1802 malaxare,
575 1755 622 1792 ut
653 1753 923 1804 gargarissare
958 1752 1008 1791 ab
1043 1750 1448 1805 ἀναγαργαρίσασθαι,
1482 1752 1622 1801 potare
1658 1764 1682 1789 a
1706 1750 1946 1789 ποτίσασθαι
1970 1750 2077 1789 Ellis

330 1821 352 1858 l.
373 1831 402 1858 s.
422 1804 452 1858 s.
473 1820 742 1870 gargarissare
761 1831 836 1867 per
855 1819 1104 1866 compositum
1128 1815 1508 1870 ἀναγαργαρίζεσθαι
1533 1828 1558 1855 a
1579 1816 1755 1855 Varrone
1778 1815 1972 1854 redditum
1997 1827 2078 1855 esse

329 1896 575 1933 nequaquam
600 1885 826 1932 praefracte
858 1883 1081 1932 negandum
1106 1895 1202 1925 ,cum
1227 1881 1276 1920 A.
1289 1881 1376 1931 Sp:
1408 1894 1503 1920 nam
1535 1881 1697 1929 simplex
1729 1882 1887 1920 verbum
1912 1893 1958 1920 ea
1987 1882 2076 1930 ipsa

329 1951 609 1999 siynificatione
644 1949 825 1988 adhibent
847 1949 999 1994 Latini,
1031 1949 1170 1987 medici
1194 1949 1374 1993 maxime,
1408 1958 1484 1995 qua
1503 1948 1832 1995 praepositionem
1857 1946 2079 1995 adstunywnt

333 2015 474 2055 Gracci
497 2017 712 2063 scriptores.
750 2014 830 2053 Pro
855 2014 1026 2064 ειᾱθεψες
1049 2014 1151 2062 quod
1175 2013 1387 2052 Buecheler
1411 2013 1518 2060 apud
1542 2011 1799 2051 Fwnaiolium
1815 2012 2003 2060 proponit
2025 2010 2076 2050 ab

330 2079 412 2120 ἔστί
435 2083 506 2125 est,
531 2081 574 2119 id
598 2082 664 2119 via:
688 2081 731 2118 in
754 2081 893 2118 seriem
917 2080 1122 2118 verborum
1147 2078 1345 2127 quadrare
1363 2080 1562 2126 putamus.

451 2153 518 2201 91,
539 2153 577 2190 4.
610 2150 884 2204 στραγγαλίσαι
909 2154 943 2190 et
967 2149 1195 2203 στραγγαλίς
1213 2149 1453 2188 Buttmann:
1476 2149 1545 2187 ubi
1569 2147 1773 2201 στράγγειν
1793 2150 1827 2186 et
1851 2147 2077 2200 στραγγίὸες

335 2218 474 2257 Canai.

454 2284 521 2331 92,
545 2285 595 2321 11
612 2294 665 2332 sq.
701 2282 760 2331 Of.
786 2282 975 2321 Heidrich
992 2294 1036 2330 p.
1066 2281 1131 2319 55.

453 2349 520 2396 92,
543 2349 608 2388 16.
645 2348 708 2386 De
732 2349 929 2396 scriptura
960 2347 1100 2386 codicis
1128 2358 1177 2385 ne
1210 2345 1337 2384 Vitelli
1361 2345 1514 2392 quidem
1545 2344 1653 2392 apud
1676 2342 1727 2383 A.
1741 2343 1806 2392 Sp.
1829 2344 1956 2392 praef.
1982 2344 2074 2382 adn.

287 2408 289 2411 ⁴
332 2415 381 2453 ab
407 2415 511 2452 onmi
531 2415 648 2461 parte
671 2416 768 2451 recte
792 2413 958 2459 rettulit‚·
982 2413 1029 2450 de
1053 2411 1315 2450 emendatione
1339 2411 1387 2458 cf.
1412 2406 1689 2458 Reifferscheid
1707 2407 1826 2447 Anal.
1847 2409 1944 2447 Hor.
1964 2420 2006 2456 p.
2031 2409 2056 2447 5
2063 2422 2076 2446 .-

331 2491 567 2527 quamquam
591 2479 717 2517 lenius
742 2477 997 2528 Epimenides
1022 2471 1278 2528 <s>opor<e>
1302 2475 1474 2523 corriyas
1498 2469 1655 2527 (somno
1677 2474 1800 2519 Turn,
1825 2486 1936 2512 meus
1949 2474 2077 2513 Lach—

331 2556 454 2583 mann
481 2546 595 2583 etiam
620 2546 663 2582 in
689 2545 795 2592 epist.
821 2544 873 2582 ad
897 2543 1108 2581 Lehrsium
1126 2554 1169 2590 p.
1195 2541 1284 2580 256
1310 2541 1366 2579 ed.
1391 2534 1612 2593 Ludwich).

453 2617 520 2664 93,
543 2617 579 2654 5.
616 2615 674 2663 cf.
701 2615 869 2663 Madvig]
893 2613 993 2653 Adv.
1021 2614 1077 2651 Π
1095 2625 1133 2661 p.
1157 2614 1259 2651 172.

453 2683 520 2730 93,
543 2683 579 2719 6.
616 2680 674 2729 Cf.
701 2680 833 2719 Havet
857 2676 966 2718 ‘Rea
992 2679 1028 2717 ol.
1047 2675 1198 2726 philol?
1220 2677 1291 2716 IV
1312 2676 1467 2724 (1881)
1485 2688 1527 2724 p.
1553 2677 1649 2715 188.

456 2748 523 2795 93,
547 2748 582 2784 7.
614 2745 702 2784 An:
725 2746 854 2783 multa
878 2745 1027 2783 tanta?
1060 2743 1119 2793 O'f.
1141 2755 1240 2792 quae
1260 2742 1477 2790 (dawdeeim
1501 2743 1583 2789 fere
1607 2742 1725 2779 amnis
1742 2743 1834 2789 post
1849 2740 2079 2780 Schoellium

334 2813 386 2851 acl
404 2813 536 2850 Plaut.
560 2812 668 2850 Men.
694 2810 796 2853 680)
823 2812 1080 2858 exposuerunt
1099 2809 1235 2848 Havet
1259 2810 1293 2846 et
1308 2807 1391 2846 Leo
1409 2807 1453 2845 in
1473 2807 1690 2855 Woelfflini
1708 2804 1826 2844 Arch.
1841 2805 1913 2844 XI
1919 2817 1962 2854 p.
1980 2805 2077 2844 579.

335 2878 434 2915 XII
445 2889 487 2924 p.
516 2878 572 2915 99
584 2887 638 2925 sq.
666 2875 718 2924 (v.
747 2878 781 2914 et
806 2871 1094 2914 ‘VVochenschin
1119 2875 1148 2923 f.
1174 2874 1289 2912 klass.
1315 2869 1434 2911 Phil?
1460 2883 1497 2911 a.
1527 2873 1640 2910 1900
1659 2884 1703 2920 p.
1731 2869 1915 2918 446sq.).

455 2949 522 2997 93,
544 2948 581 2986 8.
623 2946 817 2986 contineri
849 2946 1022 2985 Grauert
1044 2944 1164 2983 Anal.
1184 2956 1226 2993 p.
1256 2945 1333 2990 68,·
1367 2944 1474 2982 elata
1502 2942 1562 2981 vel
1591 2944 1688 2981 nata
1711 2941 1796 2990 Sp„
1828 2942 1896 2979 ubi
1920 2941 1992 2979 IX
2018 2941 2075 2979 86

334 3016 492 3053 contulit
516 3012 668 3062 A.Sp.‚·
692 3013 820 3052 inlata
844 3012 950 3050 Ellis
975 3013 997 3049 l.
1023 3022 1053 3049 s.
1072 3023 1102 3050 s.
1127 3022 1163 3059 p.
1186 3011 1283 3048 361.
