<?xml version="1.0" encoding="UTF-8"?>
<!DOCTYPE html PUBLIC "-//W3C//DTD XHTML 1.0 Transitional//EN"
    "http://www.w3.org/TR/xhtml1/DTD/xhtml1-transitional.dtd">
<html xmlns="http://www.w3.org/1999/xhtml" xml:lang="en" lang="en">
 <head>
  <title>
</title>
<meta http-equiv="Content-Type" content="text/html;charset=utf-8" />
  <meta name='ocr-system' content='tesseract 3.04.00' />
  <meta name='ocr-capabilities' content='ocr_page ocr_carea ocr_par ocr_line ocrx_word'/>
</head>
<body>
  <div class='ocr_page' id='page_1' title='image "./marcusdelingua00varruoft_0307.png"; bbox 0 0 2176 3386; ppageno 0'>
   <div class='ocr_carea' id='block_1_1' title="bbox 0 2567 46 3386">
    <p class='ocr_par' dir='ltr' id='par_1_1' title="bbox 0 2567 46 3386">
     <span class='ocr_line' id='line_1_1' title="bbox 0 2567 46 3386; baseline 0 0"><span class='ocrx_word' id='word_1_1' title='bbox 0 2567 46 3386; x_wconf 95' lang='lat' dir='ltr'><strong><em> </em></strong></span> 
     </span>
    </p>
   </div>
   <div class='ocr_carea' id='block_1_2' title="bbox 821 171 1892 214">
    <p class='ocr_par' dir='ltr' id='par_1_2' title="bbox 821 171 1892 214">
     <span class='ocr_line' id='line_1_2' title="bbox 821 171 1892 214; baseline 0.001 -3"><span class='ocrx_word' id='word_1_2' title='bbox 821 171 1204 211; x_wconf 73' lang='lat' dir='ltr'>ADNOTA&#39;HONES</span> <span class='ocrx_word' id='word_1_3' title='bbox 1803 171 1892 214; x_wconf 86' lang='lat'><strong><em>249</em></strong></span> 
     </span>
    </p>
   </div>
   <div class='ocr_carea' id='block_1_3' title="bbox 132 282 1898 1880">
    <p class='ocr_par' dir='ltr' id='par_1_3' title="bbox 132 282 1892 410">
     <span class='ocr_line' id='line_1_3' title="bbox 257 282 1892 340; baseline -0.004 -10"><span class='ocrx_word' id='word_1_4' title='bbox 257 291 326 339; x_wconf 89' lang='grc'><strong><em>11,</em></strong></span> <span class='ocrx_word' id='word_1_5' title='bbox 347 291 413 329; x_wconf 91' lang='grc'><strong><em>12.</em></strong></span> <span class='ocrx_word' id='word_1_6' title='bbox 463 289 524 338; x_wconf 81' lang='lat' dir='ltr'><strong><em>Gt&#39;.</em></strong></span> <span class='ocrx_word' id='word_1_7' title='bbox 543 287 797 337; x_wconf 73' lang='lat' dir='ltr'><strong><em>Krambieqa</em></strong></span> <span class='ocrx_word' id='word_1_8' title='bbox 813 299 856 337; x_wconf 93' lang='grc' dir='ltr'><strong><em>Ρ.</em></strong></span> <span class='ocrx_word' id='word_1_9' title='bbox 878 288 936 327; x_wconf 89' lang='lat'><strong><em>39</em></strong></span> <span class='ocrx_word' id='word_1_10' title='bbox 962 282 1030 340; x_wconf 81' lang='lat' dir='ltr'><strong><em>(de</em></strong></span> <span class='ocrx_word' id='word_1_11' title='bbox 1053 287 1179 327; x_wconf 74' lang='lat' dir='ltr'><strong><em>verbis</em></strong></span> <span class='ocrx_word' id='word_1_12' title='bbox 1205 298 1230 326; x_wconf 71' lang='lat' dir='ltr'><strong>a</strong></span> <span class='ocrx_word' id='word_1_13' title='bbox 1253 298 1337 338; x_wconf 74' lang='lat' dir='ltr'><strong><em>qua</em></strong></span> <span class='ocrx_word' id='word_1_14' title='bbox 1361 288 1403 326; x_wconf 75' lang='lat' dir='ltr'><strong><em>et</em></strong></span> <span class='ocrx_word' id='word_1_15' title='bbox 1427 286 1568 336; x_wconf 72' lang='lat' dir='ltr'><strong><em>Iapeto</em></strong></span> <span class='ocrx_word' id='word_1_16' title='bbox 1593 285 1771 326; x_wconf 71' lang='lat' dir='ltr'><strong><em>traditur</em></strong></span> <span class='ocrx_word' id='word_1_17' title='bbox 1797 285 1892 324; x_wconf 86' lang='lat' dir='ltr'><strong><em>Pro-</em></strong></span> 
     </span>
     <span class='ocr_line' id='line_1_4' title="bbox 132 348 832 410; baseline -0.006 -14"><span class='ocrx_word' id='word_1_18' title='bbox 132 348 352 410; x_wconf 67' lang='lat' dir='ltr'><strong><em>matheus),</em></strong></span> <span class='ocrx_word' id='word_1_19' title='bbox 376 355 467 395; x_wconf 68' lang='lat' dir='ltr'><strong><em>item</em></strong></span> <span class='ocrx_word' id='word_1_20' title='bbox 490 355 680 395; x_wconf 71' lang='lat' dir='ltr'><strong><em>Heidricla</em></strong></span> <span class='ocrx_word' id='word_1_21' title='bbox 699 366 743 404; x_wconf 91' lang='grc' dir='ltr'><strong><em>Ρ.</em></strong></span> <span class='ocrx_word' id='word_1_22' title='bbox 764 353 832 393; x_wconf 86' lang='grc'><strong><em>52.</em></strong></span> 
     </span>
    </p>

    <p class='ocr_par' dir='ltr' id='par_1_4' title="bbox 133 425 1891 542">
     <span class='ocr_line' id='line_1_5' title="bbox 256 425 1891 478; baseline -0.004 -10"><span class='ocrx_word' id='word_1_23' title='bbox 256 430 324 478; x_wconf 90' lang='grc'><strong><em>11,</em></strong></span> <span class='ocrx_word' id='word_1_24' title='bbox 346 428 400 467; x_wconf 86' lang='lat'><strong><em>13</em></strong></span> <span class='ocrx_word' id='word_1_25' title='bbox 413 438 468 476; x_wconf 80' lang='lat' dir='ltr'><strong><em>sq.</em></strong></span> <span class='ocrx_word' id='word_1_26' title='bbox 494 425 684 466; x_wconf 70' lang='lat' dir='ltr'><strong><em>Manilius</em></strong></span> <span class='ocrx_word' id='word_1_27' title='bbox 710 437 798 465; x_wconf 77' lang='lat' dir='ltr'><strong><em>eum</em></strong></span> <span class='ocrx_word' id='word_1_28' title='bbox 817 425 987 464; x_wconf 75' lang='lat' dir='ltr'><strong><em>Bentino</em></strong></span> <span class='ocrx_word' id='word_1_29' title='bbox 999 425 1193 464; x_wconf 76' lang='lat' dir='ltr'><strong><em>Funaioli</em></strong></span> <span class='ocrx_word' id='word_1_30' title='bbox 1211 436 1252 474; x_wconf 89' lang='grc' dir='ltr'><strong><em>Ρ.</em></strong></span> <span class='ocrx_word' id='word_1_31' title='bbox 1276 425 1343 463; x_wconf 90' lang='grc'><strong><em>85.</em></strong></span> <span class='ocrx_word' id='word_1_32' title='bbox 1370 445 1429 451; x_wconf 93' lang='grc'>-</span> <span class='ocrx_word' id='word_1_33' title='bbox 1454 425 1600 475; x_wconf 81' lang='lat' dir='ltr'><strong>quoius</strong></span> <span class='ocrx_word' id='word_1_34' title='bbox 1619 435 1697 472; x_wconf 80' lang='lat' dir='ltr'><strong><em>pro</em></strong></span> <span class='ocrx_word' id='word_1_35' title='bbox 1722 436 1891 474; x_wconf 88' lang='lat' dir='ltr'><strong>quorum</strong></span> 
     </span>
     <span class='ocr_line' id='line_1_6' title="bbox 133 493 585 542; baseline -0.007 -8"><span class='ocrx_word' id='word_1_36' title='bbox 133 493 236 534; x_wconf 67' lang='lat' dir='ltr'><strong><em>Boot</em></strong></span> <span class='ocrx_word' id='word_1_37' title='bbox 259 493 284 533; x_wconf 76' lang='lat'><strong><em>1.</em></strong></span> <span class='ocrx_word' id='word_1_38' title='bbox 308 505 340 533; x_wconf 82' lang='lat' dir='ltr'><strong><em>s.</em></strong></span> <span class='ocrx_word' id='word_1_39' title='bbox 364 505 396 533; x_wconf 83' lang='grc'><strong><em>3.</em></strong></span> <span class='ocrx_word' id='word_1_40' title='bbox 415 505 458 542; x_wconf 92' lang='grc' dir='ltr'><strong><em>Ρ.</em></strong></span> <span class='ocrx_word' id='word_1_41' title='bbox 487 493 585 532; x_wconf 83' lang='grc'><strong>410.</strong></span> 
     </span>
    </p>

    <p class='ocr_par' dir='ltr' id='par_1_5' title="bbox 132 557 1894 685">
     <span class='ocr_line' id='line_1_7' title="bbox 255 557 1894 616; baseline -0.002 -12"><span class='ocrx_word' id='word_1_42' title='bbox 255 566 323 616; x_wconf 95' lang='grc'><strong><em>11,</em></strong></span> <span class='ocrx_word' id='word_1_43' title='bbox 345 566 411 604; x_wconf 86' lang='grc'><strong><em>15.</em></strong></span> <span class='ocrx_word' id='word_1_44' title='bbox 457 563 519 614; x_wconf 80' lang='lat' dir='ltr'><strong><em>Of.</em></strong></span> <span class='ocrx_word' id='word_1_45' title='bbox 550 564 802 614; x_wconf 72' lang='lat' dir='ltr'><strong><em>Krumbieqel</em></strong></span> <span class='ocrx_word' id='word_1_46' title='bbox 832 575 874 612; x_wconf 84' lang='grc' dir='ltr'><strong><em>Ρ.</em></strong></span> <span class='ocrx_word' id='word_1_47' title='bbox 902 565 930 602; x_wconf 91' lang='grc'><strong>8</strong></span> <span class='ocrx_word' id='word_1_48' title='bbox 967 557 1369 615; x_wconf 65' lang='grc' dir='ltr'><strong><em>(εαὸύηιεῑῑερεηάιιηι,</em></strong></span> <span class='ocrx_word' id='word_1_49' title='bbox 1407 573 1486 600; x_wconf 82' lang='lat' dir='ltr'><strong><em>non</em></strong></span> <span class='ocrx_word' id='word_1_50' title='bbox 1524 562 1770 601; x_wconf 78' lang='lat' dir='ltr'><strong><em>scribendum</em></strong></span> <span class='ocrx_word' id='word_1_51' title='bbox 1804 573 1894 601; x_wconf 81' lang='lat' dir='ltr'><strong><em>cum</em></strong></span> 
     </span>
     <span class='ocr_line' id='line_1_8' title="bbox 132 624 410 685; baseline -0.007 -14"><span class='ocrx_word' id='word_1_52' title='bbox 132 630 258 671; x_wconf 67' lang='lat' dir='ltr'><strong><em>Laeto</em></strong></span> <span class='ocrx_word' id='word_1_53' title='bbox 283 624 410 685; x_wconf 77' lang='lat' dir='ltr'><strong><em>feeit).</em></strong></span> 
     </span>
    </p>

    <p class='ocr_par' dir='ltr' id='par_1_6' title="bbox 255 700 1189 751">
     <span class='ocr_line' id='line_1_9' title="bbox 255 700 1189 751; baseline -0.003 -10"><span class='ocrx_word' id='word_1_54' title='bbox 255 705 323 751; x_wconf 92' lang='lat'><strong><em>11,</em></strong></span> <span class='ocrx_word' id='word_1_55' title='bbox 346 703 411 741; x_wconf 88' lang='lat'><strong><em>16.</em></strong></span> <span class='ocrx_word' id='word_1_56' title='bbox 446 701 507 751; x_wconf 78' lang='lat' dir='ltr'><strong><em>of.</em></strong></span> <span class='ocrx_word' id='word_1_57' title='bbox 536 702 755 751; x_wconf 65' lang='lat' dir='ltr'><strong><em>Woelfflini</em></strong></span> <span class='ocrx_word' id='word_1_58' title='bbox 773 700 892 741; x_wconf 80' lang='lat' dir='ltr'><strong><em>Arch.</em></strong></span> <span class='ocrx_word' id='word_1_59' title='bbox 914 700 1011 739; x_wconf 89' lang='lat' dir='ltr'><strong><em>XII</em></strong></span> <span class='ocrx_word' id='word_1_60' title='bbox 1027 712 1068 749; x_wconf 90' lang='grc' dir='ltr'><strong><em>Ρ.</em></strong></span> <span class='ocrx_word' id='word_1_61' title='bbox 1090 701 1189 738; x_wconf 89' lang='grc'><strong>332.</strong></span> 
     </span>
    </p>

    <p class='ocr_par' dir='ltr' id='par_1_7' title="bbox 254 767 1312 816">
     <span class='ocr_line' id='line_1_10' title="bbox 254 767 1312 816; baseline -0.004 -9"><span class='ocrx_word' id='word_1_62' title='bbox 254 770 323 816; x_wconf 91' lang='grc'><strong><em>11,</em></strong></span> <span class='ocrx_word' id='word_1_63' title='bbox 344 768 412 807; x_wconf 84' lang='grc'><strong><em>22.</em></strong></span> <span class='ocrx_word' id='word_1_64' title='bbox 444 767 615 807; x_wconf 87' lang='lat' dir='ltr'><strong>Romulo</strong></span> <span class='ocrx_word' id='word_1_65' title='bbox 639 767 759 812; x_wconf 67' lang='lat' dir='ltr'><strong><em>maol,</em></strong></span> <span class='ocrx_word' id='word_1_66' title='bbox 786 767 878 806; x_wconf 72' lang='lat' dir='ltr'><strong><em>aui:</em></strong></span> <span class='ocrx_word' id='word_1_67' title='bbox 901 769 943 806; x_wconf 78' lang='lat' dir='ltr'><strong><em>at</em></strong></span> <span class='ocrx_word' id='word_1_68' title='bbox 967 767 1016 815; x_wconf 78' lang='lat' dir='ltr'><strong><em>cf.</em></strong></span> <span class='ocrx_word' id='word_1_69' title='bbox 1042 767 1312 804; x_wconf 74' lang='lat' dir='ltr'><strong><em>testimonium.</em></strong></span> 
     </span>
    </p>

    <p class='ocr_par' dir='ltr' id='par_1_8' title="bbox 258 833 993 883">
     <span class='ocr_line' id='line_1_11' title="bbox 258 833 993 883; baseline -0.003 -10"><span class='ocrx_word' id='word_1_70' title='bbox 258 835 326 883; x_wconf 88' lang='lat'><strong><em>12,</em></strong></span> <span class='ocrx_word' id='word_1_71' title='bbox 347 835 384 873; x_wconf 84' lang='lat'><strong><em>7.</em></strong></span> <span class='ocrx_word' id='word_1_72' title='bbox 416 834 480 873; x_wconf 80' lang='lat' dir='ltr'><strong><em>De</em></strong></span> <span class='ocrx_word' id='word_1_73' title='bbox 503 833 546 872; x_wconf 86' lang='lat' dir='ltr'><strong><em>id</em></strong></span> <span class='ocrx_word' id='word_1_74' title='bbox 571 834 620 882; x_wconf 79' lang='lat' dir='ltr'><strong><em>cf.</em></strong></span> <span class='ocrx_word' id='word_1_75' title='bbox 645 833 837 873; x_wconf 75' lang='lat' dir='ltr'><strong><em>Heidrich</em></strong></span> <span class='ocrx_word' id='word_1_76' title='bbox 854 844 898 882; x_wconf 91' lang='grc' dir='ltr'><strong><em>Ρ.</em></strong></span> <span class='ocrx_word' id='word_1_77' title='bbox 926 833 993 871; x_wconf 90' lang='grc'><strong><em>38.</em></strong></span> 
     </span>
    </p>

    <p class='ocr_par' dir='ltr' id='par_1_9' title="bbox 142 896 1894 1015">
     <span class='ocr_line' id='line_1_12' title="bbox 256 896 1894 949; baseline -0.001 -10"><span class='ocrx_word' id='word_1_78' title='bbox 256 901 324 949; x_wconf 91' lang='grc'><strong><em>12,</em></strong></span> <span class='ocrx_word' id='word_1_79' title='bbox 344 901 395 939; x_wconf 93' lang='grc'><strong><em>11</em></strong></span> <span class='ocrx_word' id='word_1_80' title='bbox 412 910 492 949; x_wconf 75' lang='lat' dir='ltr'><strong><em>sqq.</em></strong></span> <span class='ocrx_word' id='word_1_81' title='bbox 530 901 577 939; x_wconf 81' lang='lat' dir='ltr'><strong><em>ut</em></strong></span> <span class='ocrx_word' id='word_1_82' title='bbox 601 901 706 938; x_wconf 75' lang='lat' dir='ltr'><strong><em>esset</em></strong></span> <span class='ocrx_word' id='word_1_83' title='bbox 724 899 821 938; x_wconf 75' lang='lat' dir='ltr'><strong><em>duce</em></strong></span> <span class='ocrx_word' id='word_1_84' title='bbox 838 897 905 948; x_wconf 81' lang='lat' dir='ltr'><strong><em>Sp.</em></strong></span> <span class='ocrx_word' id='word_1_85' title='bbox 925 898 1031 937; x_wconf 66' lang='lat' dir='ltr'><strong><em>Elis</em></strong></span> <span class='ocrx_word' id='word_1_86' title='bbox 1049 898 1073 936; x_wconf 77' lang='lat' dir='ltr'><strong><em>l.</em></strong></span> <span class='ocrx_word' id='word_1_87' title='bbox 1088 909 1117 936; x_wconf 86' lang='lat' dir='ltr'><strong><em>s.</em></strong></span> <span class='ocrx_word' id='word_1_88' title='bbox 1131 909 1162 936; x_wconf 96' lang='grc'><strong><em>3.</em></strong></span> <span class='ocrx_word' id='word_1_89' title='bbox 1198 896 1258 945; x_wconf 78' lang='lat' dir='ltr'><strong><em>Cf.</em></strong></span> <span class='ocrx_word' id='word_1_90' title='bbox 1278 896 1465 936; x_wconf 75' lang='lat' dir='ltr'><strong><em>Heidriclz</em></strong></span> <span class='ocrx_word' id='word_1_91' title='bbox 1485 910 1528 946; x_wconf 84' lang='grc' dir='ltr'><strong><em>Ρ.</em></strong></span> <span class='ocrx_word' id='word_1_92' title='bbox 1545 899 1613 942; x_wconf 83' lang='lat'><strong><em>47,</em></strong></span> <span class='ocrx_word' id='word_1_93' title='bbox 1638 896 1705 945; x_wconf 80' lang='lat' dir='ltr'><strong><em>Sp.</em></strong></span> <span class='ocrx_word' id='word_1_94' title='bbox 1727 897 1894 937; x_wconf 65' lang='lat' dir='ltr'><strong><em>Eruend.</em></strong></span> 
     </span>
     <span class='ocr_line' id='line_1_13' title="bbox 142 959 1675 1015; baseline -0.003 -10"><span class='ocrx_word' id='word_1_95' title='bbox 142 965 308 1006; x_wconf 78' lang='lat' dir='ltr'><strong><em>Varron.</em></strong></span> <span class='ocrx_word' id='word_1_96' title='bbox 332 975 432 1014; x_wconf 79' lang='lat' dir='ltr'><strong><em>spec.</em></strong></span> <span class='ocrx_word' id='word_1_97' title='bbox 457 965 489 1003; x_wconf 96' lang='lat' dir='ltr'><strong><em>I</em></strong></span> <span class='ocrx_word' id='word_1_98' title='bbox 511 965 548 1010; x_wconf 86' lang='lat'><strong><em>5,</em></strong></span> <span class='ocrx_word' id='word_1_99' title='bbox 577 963 739 1004; x_wconf 72' lang='lat' dir='ltr'><strong><em>Olivieri</em></strong></span> <span class='ocrx_word' id='word_1_100' title='bbox 763 961 868 1003; x_wconf 64' lang='lat' dir='ltr'><strong><em>‘Ria</em></strong></span> <span class='ocrx_word' id='word_1_101' title='bbox 894 964 936 1003; x_wconf 83' lang='lat' dir='ltr'><strong><em>di</em></strong></span> <span class='ocrx_word' id='word_1_102' title='bbox 959 964 1081 1002; x_wconf 78' lang='lat' dir='ltr'><strong><em>storia</em></strong></span> <span class='ocrx_word' id='word_1_103' title='bbox 1106 959 1203 1002; x_wconf 63' lang='lat' dir='ltr'><strong><em>ant?</em></strong></span> <span class='ocrx_word' id='word_1_104' title='bbox 1229 963 1314 1001; x_wconf 94' lang='grc' dir='ltr'><strong><em>ΙΙΙ</em></strong></span> <span class='ocrx_word' id='word_1_105' title='bbox 1334 960 1492 1015; x_wconf 84' lang='grc'><strong>(1898)</strong></span> <span class='ocrx_word' id='word_1_106' title='bbox 1511 975 1556 1012; x_wconf 91' lang='grc' dir='ltr'><strong><em>Ρ.</em></strong></span> <span class='ocrx_word' id='word_1_107' title='bbox 1579 964 1675 1002; x_wconf 88' lang='grc'><strong>136.</strong></span> 
     </span>
    </p>

    <p class='ocr_par' dir='ltr' id='par_1_10' title="bbox 254 1029 1008 1081">
     <span class='ocr_line' id='line_1_14' title="bbox 254 1029 1008 1081; baseline -0.003 -11"><span class='ocrx_word' id='word_1_108' title='bbox 254 1032 321 1081; x_wconf 92' lang='grc'><strong><em>12,</em></strong></span> <span class='ocrx_word' id='word_1_109' title='bbox 343 1031 409 1070; x_wconf 85' lang='grc'><strong><em>19.</em></strong></span> <span class='ocrx_word' id='word_1_110' title='bbox 443 1029 492 1070; x_wconf 79' lang='lat' dir='ltr'><strong><em>ab</em></strong></span> <span class='ocrx_word' id='word_1_111' title='bbox 518 1030 716 1070; x_wconf 78' lang='lat' dir='ltr'>inconsito</span> <span class='ocrx_word' id='word_1_112' title='bbox 743 1030 847 1069; x_wconf 74' lang='lat' dir='ltr'><strong><em>Ellis</em></strong></span> <span class='ocrx_word' id='word_1_113' title='bbox 872 1029 894 1068; x_wconf 85' lang='lat' dir='ltr'><strong><em>l.</em></strong></span> <span class='ocrx_word' id='word_1_114' title='bbox 921 1041 952 1069; x_wconf 91' lang='grc'><strong><em>3.</em></strong></span> <span class='ocrx_word' id='word_1_115' title='bbox 977 1041 1008 1069; x_wconf 88' lang='grc'><strong><em>3.</em></strong></span> 
     </span>
    </p>

    <p class='ocr_par' dir='ltr' id='par_1_11' title="bbox 254 1089 1284 1149">
     <span class='ocr_line' id='line_1_15' title="bbox 254 1089 1284 1149; baseline -0.004 -13"><span class='ocrx_word' id='word_1_116' title='bbox 254 1097 322 1146; x_wconf 91' lang='grc'><strong><em>13,</em></strong></span> <span class='ocrx_word' id='word_1_117' title='bbox 345 1099 381 1137; x_wconf 93' lang='grc'><strong><em>1.</em></strong></span> <span class='ocrx_word' id='word_1_118' title='bbox 415 1095 476 1145; x_wconf 77' lang='lat' dir='ltr'><strong><em>Cf.</em></strong></span> <span class='ocrx_word' id='word_1_119' title='bbox 502 1096 754 1145; x_wconf 72' lang='lat' dir='ltr'><strong><em>Kmmbieyel</em></strong></span> <span class='ocrx_word' id='word_1_120' title='bbox 770 1108 814 1145; x_wconf 91' lang='grc' dir='ltr'><strong><em>Ρ.</em></strong></span> <span class='ocrx_word' id='word_1_121' title='bbox 838 1098 892 1135; x_wconf 83' lang='grc'><strong><em>71</em></strong></span> <span class='ocrx_word' id='word_1_122' title='bbox 920 1096 1012 1134; x_wconf 78' lang='lat' dir='ltr'><strong><em>adn.</em></strong></span> <span class='ocrx_word' id='word_1_123' title='bbox 1039 1090 1106 1149; x_wconf 78' lang='lat' dir='ltr'><strong><em>(cle</em></strong></span> <span class='ocrx_word' id='word_1_124' title='bbox 1130 1089 1284 1148; x_wconf 76' lang='lat' dir='ltr'><strong><em>etiam).</em></strong></span> 
     </span>
    </p>

    <p class='ocr_par' dir='ltr' id='par_1_12' title="bbox 256 1161 1895 1212">
     <span class='ocr_line' id='line_1_16' title="bbox 256 1161 1895 1212; baseline -0.001 -10"><span class='ocrx_word' id='word_1_125' title='bbox 256 1163 323 1212; x_wconf 89' lang='grc'><strong><em>13,</em></strong></span> <span class='ocrx_word' id='word_1_126' title='bbox 344 1162 383 1201; x_wconf 81' lang='grc'><strong><em>6.</em></strong></span> <span class='ocrx_word' id='word_1_127' title='bbox 414 1162 478 1202; x_wconf 79' lang='lat' dir='ltr'><strong><em>De</em></strong></span> <span class='ocrx_word' id='word_1_128' title='bbox 496 1163 717 1202; x_wconf 73' lang='lat' dir='ltr'><strong><em>accusativo</em></strong></span> <span class='ocrx_word' id='word_1_129' title='bbox 737 1163 965 1207; x_wconf 74' lang='lat' dir='ltr'><strong>sementem,</strong></span> <span class='ocrx_word' id='word_1_130' title='bbox 984 1171 1096 1210; x_wconf 78' lang='lat' dir='ltr'><strong><em>quem</em></strong></span> <span class='ocrx_word' id='word_1_131' title='bbox 1115 1163 1266 1199; x_wconf 79' lang='lat' dir='ltr'><strong><em>tutatur</em></strong></span> <span class='ocrx_word' id='word_1_132' title='bbox 1284 1161 1394 1206; x_wconf 71' lang='lat' dir='ltr'><strong><em>Mus,</em></strong></span> <span class='ocrx_word' id='word_1_133' title='bbox 1421 1161 1470 1209; x_wconf 78' lang='lat' dir='ltr'><strong><em>cf.</em></strong></span> <span class='ocrx_word' id='word_1_134' title='bbox 1486 1163 1554 1207; x_wconf 79' lang='grc'><strong><em>14,</em></strong></span> <span class='ocrx_word' id='word_1_135' title='bbox 1568 1163 1606 1199; x_wconf 92' lang='grc'><strong><em>1.</em></strong></span> <span class='ocrx_word' id='word_1_136' title='bbox 1628 1161 1699 1206; x_wconf 86' lang='grc'><strong><em>28,</em></strong></span> <span class='ocrx_word' id='word_1_137' title='bbox 1717 1162 1784 1207; x_wconf 89' lang='grc'><strong><em>19,</em></strong></span> <span class='ocrx_word' id='word_1_138' title='bbox 1798 1161 1895 1201; x_wconf 81' lang='lat' dir='ltr'><strong><em>alia.</em></strong></span> 
     </span>
    </p>

    <p class='ocr_par' dir='ltr' id='par_1_13' title="bbox 255 1223 1808 1280">
     <span class='ocr_line' id='line_1_17' title="bbox 255 1223 1808 1280; baseline -0.001 -13"><span class='ocrx_word' id='word_1_139' title='bbox 255 1230 323 1277; x_wconf 85' lang='lat'><strong><em>13,</em></strong></span> <span class='ocrx_word' id='word_1_140' title='bbox 347 1229 384 1267; x_wconf 89' lang='grc'><strong><em>7.</em></strong></span> <span class='ocrx_word' id='word_1_141' title='bbox 414 1223 503 1280; x_wconf 88' lang='lat' dir='ltr'>ubi]</span> <span class='ocrx_word' id='word_1_142' title='bbox 529 1229 554 1266; x_wconf 74' lang='lat' dir='ltr'><strong><em>i.</em></strong></span> <span class='ocrx_word' id='word_1_143' title='bbox 581 1239 611 1267; x_wconf 82' lang='grc'><strong><em>6.</em></strong></span> <span class='ocrx_word' id='word_1_144' title='bbox 635 1227 707 1267; x_wconf 86' lang='lat' dir='ltr'><strong><em>ubi</em></strong></span> <span class='ocrx_word' id='word_1_145' title='bbox 732 1227 877 1279; x_wconf 75' lang='lat' dir='ltr'><strong><em>spicae,</em></strong></span> <span class='ocrx_word' id='word_1_146' title='bbox 902 1226 1050 1266; x_wconf 88' lang='lat' dir='ltr'><strong>ibidem</strong></span> <span class='ocrx_word' id='word_1_147' title='bbox 1075 1227 1117 1266; x_wconf 79' lang='lat' dir='ltr'><strong><em>et</em></strong></span> <span class='ocrx_word' id='word_1_148' title='bbox 1141 1226 1272 1265; x_wconf 84' lang='lat' dir='ltr'><strong>culmi.</strong></span> <span class='ocrx_word' id='word_1_149' title='bbox 1307 1225 1367 1274; x_wconf 76' lang='lat' dir='ltr'><strong><em>Cf.</em></strong></span> <span class='ocrx_word' id='word_1_150' title='bbox 1387 1226 1484 1265; x_wconf 73' lang='lat' dir='ltr'><strong><em>Isid.</em></strong></span> <span class='ocrx_word' id='word_1_151' title='bbox 1516 1226 1659 1265; x_wconf 91' lang='lat' dir='ltr'><strong><em>XVII</em></strong></span> <span class='ocrx_word' id='word_1_152' title='bbox 1678 1228 1717 1271; x_wconf 89' lang='lat'><strong><em>3,</em></strong></span> <span class='ocrx_word' id='word_1_153' title='bbox 1743 1227 1808 1266; x_wconf 87' lang='lat'><strong><em>15.</em></strong></span> 
     </span>
    </p>

    <p class='ocr_par' dir='ltr' id='par_1_14' title="bbox 132 1289 1898 1544">
     <span class='ocr_line' id='line_1_18' title="bbox 255 1289 1895 1344; baseline 0 -12"><span class='ocrx_word' id='word_1_154' title='bbox 255 1294 322 1344; x_wconf 90' lang='grc'><strong><em>13,</em></strong></span> <span class='ocrx_word' id='word_1_155' title='bbox 346 1294 412 1332; x_wconf 87' lang='lat'><strong><em>15.</em></strong></span> <span class='ocrx_word' id='word_1_156' title='bbox 456 1293 567 1343; x_wconf 77' lang='lat' dir='ltr'><strong><em>Quod</em></strong></span> <span class='ocrx_word' id='word_1_157' title='bbox 592 1293 909 1343; x_wconf 75' lang='lat' dir='ltr'><strong><em>Krieqshammer</em></strong></span> <span class='ocrx_word' id='word_1_158' title='bbox 942 1293 990 1332; x_wconf 81' lang='lat' dir='ltr'><strong><em>de</em></strong></span> <span class='ocrx_word' id='word_1_159' title='bbox 1016 1292 1183 1332; x_wconf 82' lang='lat' dir='ltr'><strong><em>Varron.</em></strong></span> <span class='ocrx_word' id='word_1_160' title='bbox 1219 1294 1253 1331; x_wconf 76' lang='lat' dir='ltr'><strong><em>et</em></strong></span> <span class='ocrx_word' id='word_1_161' title='bbox 1277 1291 1386 1331; x_wconf 60' lang='lat' dir='ltr'><strong><em>Festa·</em></strong></span> <span class='ocrx_word' id='word_1_162' title='bbox 1419 1293 1515 1340; x_wconf 77' lang='lat' dir='ltr'><em>font.</em></span> <span class='ocrx_word' id='word_1_163' title='bbox 1543 1304 1586 1341; x_wconf 91' lang='grc' dir='ltr'><strong><em>Ρ.</em></strong></span> <span class='ocrx_word' id='word_1_164' title='bbox 1616 1292 1674 1331; x_wconf 88' lang='grc'><strong><em>85</em></strong></span> <span class='ocrx_word' id='word_1_165' title='bbox 1698 1289 1765 1343; x_wconf 85' lang='lat'><strong><em>(=</em></strong></span> <span class='ocrx_word' id='word_1_166' title='bbox 1788 1293 1895 1342; x_wconf 89' lang='grc'><strong>105)</strong></span> 
     </span>
     <span class='ocr_line' id='line_1_19' title="bbox 133 1357 1895 1410; baseline 0 -12"><span class='ocrx_word' id='word_1_167' title='bbox 133 1359 270 1399; x_wconf 66' lang='lat' dir='ltr'><strong><em>conicit</em></strong></span> <span class='ocrx_word' id='word_1_168' title='bbox 292 1360 538 1398; x_wconf 75' lang='lat' dir='ltr'><strong><em>seribendmn</em></strong></span> <span class='ocrx_word' id='word_1_169' title='bbox 573 1370 654 1399; x_wconf 87' lang='lat' dir='ltr'><strong><em>esse</em></strong></span> <span class='ocrx_word' id='word_1_170' title='bbox 679 1372 758 1410; x_wconf 90' lang='lat' dir='ltr'><strong><em>quo</em></strong></span> <span class='ocrx_word' id='word_1_171' title='bbox 784 1360 845 1398; x_wconf 78' lang='lat' dir='ltr'><strong><em>est</em></strong></span> <span class='ocrx_word' id='word_1_172' title='bbox 877 1360 986 1398; x_wconf 76' lang='lat' dir='ltr'><strong><em>terra</em></strong></span> <span class='ocrx_word' id='word_1_173' title='bbox 1017 1359 1211 1408; x_wconf 75' lang='lat' dir='ltr'><strong><em>porrecta,</em></strong></span> <span class='ocrx_word' id='word_1_174' title='bbox 1243 1357 1286 1396; x_wconf 83' lang='lat' dir='ltr'><strong><em>id</em></strong></span> <span class='ocrx_word' id='word_1_175' title='bbox 1312 1359 1373 1397; x_wconf 77' lang='lat' dir='ltr'><strong><em>est</em></strong></span> <span class='ocrx_word' id='word_1_176' title='bbox 1397 1358 1575 1407; x_wconf 75' lang='lat' dir='ltr'><strong><em>proiecte.</em></strong></span> <span class='ocrx_word' id='word_1_177' title='bbox 1601 1357 1828 1406; x_wconf 78' lang='lat' dir='ltr'><strong><em>(praeewnte</em></strong></span> <span class='ocrx_word' id='word_1_178' title='bbox 1852 1359 1895 1398; x_wconf 90' lang='lat' dir='ltr'><strong><em>id</em></strong></span> 
     </span>
     <span class='ocr_line' id='line_1_20' title="bbox 134 1424 1898 1475; baseline -0.001 -11"><span class='ocrx_word' id='word_1_179' title='bbox 134 1426 195 1464; x_wconf 77' lang='lat' dir='ltr'><strong><em>est</em></strong></span> <span class='ocrx_word' id='word_1_180' title='bbox 224 1426 407 1475; x_wconf 72' lang='lat' dir='ltr'><strong>porrecta</strong></span> <span class='ocrx_word' id='word_1_181' title='bbox 421 1424 556 1474; x_wconf 67' lang='lat' dir='ltr'><strong><em>Any),</em></strong></span> <span class='ocrx_word' id='word_1_182' title='bbox 585 1436 665 1464; x_wconf 79' lang='lat' dir='ltr'><strong><em>non</em></strong></span> <span class='ocrx_word' id='word_1_183' title='bbox 699 1436 798 1473; x_wconf 77' lang='lat' dir='ltr'><strong><em>opas</em></strong></span> <span class='ocrx_word' id='word_1_184' title='bbox 823 1436 903 1464; x_wconf 83' lang='lat' dir='ltr'><strong><em>esse</em></strong></span> <span class='ocrx_word' id='word_1_185' title='bbox 936 1424 1198 1463; x_wconf 75' lang='lat' dir='ltr'><strong><em>arbitramur:</em></strong></span> <span class='ocrx_word' id='word_1_186' title='bbox 1231 1425 1340 1462; x_wconf 77' lang='lat' dir='ltr'><strong><em>iacta</em></strong></span> <span class='ocrx_word' id='word_1_187' title='bbox 1369 1435 1444 1472; x_wconf 79' lang='lat' dir='ltr'><strong><em>per</em></strong></span> <span class='ocrx_word' id='word_1_188' title='bbox 1467 1424 1646 1474; x_wconf 79' lang='lat' dir='ltr'><strong><em>proiecta</em></strong></span> <span class='ocrx_word' id='word_1_189' title='bbox 1672 1427 1898 1464; x_wconf 76' lang='lat' dir='ltr'><strong><em>accuratius</em></strong></span> 
     </span>
     <span class='ocr_line' id='line_1_21' title="bbox 132 1485 980 1544; baseline -0.001 -14"><span class='ocrx_word' id='word_1_190' title='bbox 132 1490 365 1540; x_wconf 67' lang='lat' dir='ltr'><strong><em>desiynatur</em></strong></span> <span class='ocrx_word' id='word_1_191' title='bbox 389 1491 637 1540; x_wconf 71' lang='lat' dir='ltr'><strong><em>etymoloqiae</em></strong></span> <span class='ocrx_word' id='word_1_192' title='bbox 662 1485 822 1544; x_wconf 83' lang='lat' dir='ltr'><strong><em>(porca)</em></strong></span> <span class='ocrx_word' id='word_1_193' title='bbox 849 1501 980 1530; x_wconf 83' lang='lat' dir='ltr'><strong><em>causa.</em></strong></span> 
     </span>
    </p>

    <p class='ocr_par' dir='ltr' id='par_1_15' title="bbox 133 1562 1898 1880">
     <span class='ocr_line' id='line_1_22' title="bbox 257 1562 1898 1612; baseline 0 -10"><span class='ocrx_word' id='word_1_194' title='bbox 257 1563 324 1612; x_wconf 92' lang='grc'><strong><em>13,</em></strong></span> <span class='ocrx_word' id='word_1_195' title='bbox 346 1564 412 1602; x_wconf 86' lang='grc'><strong><em>17.</em></strong></span> <span class='ocrx_word' id='word_1_196' title='bbox 453 1575 609 1602; x_wconf 80' lang='lat' dir='ltr'><strong><em>rursum</em></strong></span> <span class='ocrx_word' id='word_1_197' title='bbox 647 1575 808 1602; x_wconf 86' lang='lat' dir='ltr'><strong><em>rursum</em></strong></span> <span class='ocrx_word' id='word_1_198' title='bbox 844 1565 888 1601; x_wconf 71' lang='lat' dir='ltr'><strong><em>ut</em></strong></span> <span class='ocrx_word' id='word_1_199' title='bbox 921 1562 1067 1601; x_wconf 75' lang='lat' dir='ltr'><strong>iterum</strong></span> <span class='ocrx_word' id='word_1_200' title='bbox 1103 1562 1327 1612; x_wconf 72' lang='lat' dir='ltr'><strong>iterumque</strong></span> <span class='ocrx_word' id='word_1_201' title='bbox 1362 1562 1507 1601; x_wconf 76' lang='lat' dir='ltr'><strong><em>dictwm</em></strong></span> <span class='ocrx_word' id='word_1_202' title='bbox 1538 1572 1619 1600; x_wconf 80' lang='lat' dir='ltr'><strong><em>esse</em></strong></span> <span class='ocrx_word' id='word_1_203' title='bbox 1647 1565 1898 1611; x_wconf 76' lang='lat' dir='ltr'><strong><em>putaremus,</em></strong></span> 
     </span>
     <span class='ocr_line' id='line_1_23' title="bbox 133 1628 1895 1678; baseline 0 -11"><span class='ocrx_word' id='word_1_204' title='bbox 133 1630 169 1668; x_wconf 75' lang='lat' dir='ltr'><strong><em>si</em></strong></span> <span class='ocrx_word' id='word_1_205' title='bbox 205 1630 379 1678; x_wconf 65' lang='lat' dir='ltr'><strong><em>exempla</em></strong></span> <span class='ocrx_word' id='word_1_206' title='bbox 414 1629 730 1678; x_wconf 51' lang='lat' dir='ltr'><strong><em>sappeditarent&amp;</em></strong></span> <span class='ocrx_word' id='word_1_207' title='bbox 765 1639 888 1677; x_wconf 77' lang='lat' dir='ltr'><strong>neque</strong></span> <span class='ocrx_word' id='word_1_208' title='bbox 925 1629 1028 1667; x_wconf 76' lang='lat' dir='ltr'><strong><em>enim</em></strong></span> <span class='ocrx_word' id='word_1_209' title='bbox 1056 1638 1226 1676; x_wconf 78' lang='lat' dir='ltr'><strong><em>prorsus</em></strong></span> <span class='ocrx_word' id='word_1_210' title='bbox 1264 1628 1398 1667; x_wconf 80' lang='lat' dir='ltr'><strong><em>eadem</em></strong></span> <span class='ocrx_word' id='word_1_211' title='bbox 1433 1629 1527 1666; x_wconf 80' lang='lat' dir='ltr'><strong><em>sunt</em></strong></span> <span class='ocrx_word' id='word_1_212' title='bbox 1559 1639 1659 1676; x_wconf 77' lang='lat' dir='ltr'><strong><em>quae</em></strong></span> <span class='ocrx_word' id='word_1_213' title='bbox 1692 1628 1895 1677; x_wconf 78' lang='lat' dir='ltr'><strong><em>Woelfflin</em></strong></span> 
     </span>
     <span class='ocr_line' id='line_1_24' title="bbox 134 1688 1896 1748; baseline -0.001 -13.983"><span class='ocrx_word' id='word_1_214' title='bbox 134 1690 409 1744; x_wconf 64' lang='lat' dir='ltr'><strong><em>‘Sitzmsben</em></strong></span> <span class='ocrx_word' id='word_1_215' title='bbox 435 1695 472 1734; x_wconf 80' lang='lat' dir='ltr'><strong><em>d.</em></strong></span> <span class='ocrx_word' id='word_1_216' title='bbox 499 1695 532 1735; x_wconf 86' lang='lat' dir='ltr'><strong><em>b.</em></strong></span> <span class='ocrx_word' id='word_1_217' title='bbox 558 1691 644 1734; x_wconf 63' lang='lat' dir='ltr'><strong><em>Ae?</em></strong></span> <span class='ocrx_word' id='word_1_218' title='bbox 671 1707 708 1734; x_wconf 90' lang='lat' dir='ltr'><strong><em>a.</em></strong></span> <span class='ocrx_word' id='word_1_219' title='bbox 739 1696 856 1734; x_wconf 88' lang='grc'><strong>1882</strong></span> <span class='ocrx_word' id='word_1_220' title='bbox 883 1706 926 1743; x_wconf 93' lang='grc' dir='ltr'><strong>Ρ</strong></span> <span class='ocrx_word' id='word_1_221' title='bbox 949 1695 1036 1733; x_wconf 80' lang='grc'><strong><em>467</em></strong></span> <span class='ocrx_word' id='word_1_222' title='bbox 1061 1694 1191 1733; x_wconf 73' lang='lat' dir='ltr'><strong><em>attulit</em></strong></span> <span class='ocrx_word' id='word_1_223' title='bbox 1224 1688 1404 1748; x_wconf 74' lang='lat' dir='ltr'><strong><em>(Tertuzl.</em></strong></span> <span class='ocrx_word' id='word_1_224' title='bbox 1440 1693 1542 1742; x_wconf 81' lang='lat' dir='ltr'><strong><em>apol.</em></strong></span> <span class='ocrx_word' id='word_1_225' title='bbox 1571 1694 1649 1733; x_wconf 82' lang='grc'><strong><em>48.</em></strong></span> <span class='ocrx_word' id='word_1_226' title='bbox 1682 1706 1754 1733; x_wconf 81' lang='lat' dir='ltr'><strong><em>neo</em></strong></span> <span class='ocrx_word' id='word_1_227' title='bbox 1789 1706 1896 1733; x_wconf 88' lang='lat' dir='ltr'><strong><em>mors</em></strong></span> 
     </span>
     <span class='ocr_line' id='line_1_25' title="bbox 133 1759 1895 1809; baseline 0 -10"><span class='ocrx_word' id='word_1_228' title='bbox 133 1761 216 1799; x_wconf 75' lang='lat' dir='ltr'><strong><em>iam</em></strong></span> <span class='ocrx_word' id='word_1_229' title='bbox 249 1772 321 1800; x_wconf 82' lang='lat' dir='ltr'><strong><em>nec</em></strong></span> <span class='ocrx_word' id='word_1_230' title='bbox 354 1772 490 1800; x_wconf 81' lang='lat' dir='ltr'><strong><em>rursus</em></strong></span> <span class='ocrx_word' id='word_1_231' title='bbox 525 1772 570 1800; x_wconf 80' lang='lat' dir='ltr'><strong><em>ac</em></strong></span> <span class='ocrx_word' id='word_1_232' title='bbox 603 1772 741 1800; x_wconf 84' lang='lat' dir='ltr'><strong><em>rursus</em></strong></span> <span class='ocrx_word' id='word_1_233' title='bbox 770 1760 1031 1807; x_wconf 79' lang='lat' dir='ltr'><strong><em>resurrectio,·</em></strong></span> <span class='ocrx_word' id='word_1_234' title='bbox 1070 1759 1155 1799; x_wconf 85' lang='lat' dir='ltr'><strong><em>Val.</em></strong></span> <span class='ocrx_word' id='word_1_235' title='bbox 1181 1760 1314 1799; x_wconf 83' lang='lat' dir='ltr'><strong><em>F.lacc</em></strong></span> <span class='ocrx_word' id='word_1_236' title='bbox 1340 1759 1490 1809; x_wconf 72' lang='lat' dir='ltr'><strong><em>Aryon.</em></strong></span> <span class='ocrx_word' id='word_1_237' title='bbox 1514 1759 1595 1798; x_wconf 89' lang='lat' dir='ltr'><strong><em>III</em></strong></span> <span class='ocrx_word' id='word_1_238' title='bbox 1623 1759 1728 1799; x_wconf 88' lang='lat'><em>596:</em></span> <span class='ocrx_word' id='word_1_239' title='bbox 1758 1772 1895 1799; x_wconf 86' lang='lat' dir='ltr'><strong><em>rursus</em></strong></span> 
     </span>
     <span class='ocr_line' id='line_1_26' title="bbox 134 1820 1552 1880; baseline 0 -16"><span class='ocrx_word' id='word_1_240' title='bbox 134 1825 271 1876; x_wconf 72' lang='lat' dir='ltr'><strong>Hylan</strong></span> <span class='ocrx_word' id='word_1_241' title='bbox 296 1828 337 1865; x_wconf 75' lang='lat' dir='ltr'><strong><em>et</em></strong></span> <span class='ocrx_word' id='word_1_242' title='bbox 360 1839 498 1866; x_wconf 83' lang='lat' dir='ltr'><strong><em>rursus</em></strong></span> <span class='ocrx_word' id='word_1_243' title='bbox 523 1826 660 1877; x_wconf 77' lang='lat' dir='ltr'><strong>Hylan</strong></span> <span class='ocrx_word' id='word_1_244' title='bbox 685 1820 921 1880; x_wconf 75' lang='lat' dir='ltr'><strong><em>reclamat);</em></strong></span> <span class='ocrx_word' id='word_1_245' title='bbox 946 1828 981 1865; x_wconf 81' lang='lat' dir='ltr'><strong><em>et</em></strong></span> <span class='ocrx_word' id='word_1_246' title='bbox 1004 1826 1183 1865; x_wconf 80' lang='lat' dir='ltr'><strong><em>abwndat</em></strong></span> <span class='ocrx_word' id='word_1_247' title='bbox 1206 1825 1249 1864; x_wconf 78' lang='lat' dir='ltr'><strong><em>F</em></strong></span> <span class='ocrx_word' id='word_1_248' title='bbox 1269 1825 1552 1874; x_wconf 72' lang='lat' dir='ltr'><strong><em>dittoyraphiis.</em></strong></span> 
     </span>
    </p>
   </div>
   <div class='ocr_carea' id='block_1_4' title="bbox 134 1893 1895 2143">
    <p class='ocr_par' dir='ltr' id='par_1_16' title="bbox 134 1893 1895 2143">
     <span class='ocr_line' id='line_1_27' title="bbox 258 1893 1895 1947; baseline 0.001 -11"><span class='ocrx_word' id='word_1_249' title='bbox 258 1898 324 1947; x_wconf 87' lang='lat'><strong><em>13,</em></strong></span> <span class='ocrx_word' id='word_1_250' title='bbox 343 1898 407 1937; x_wconf 91' lang='grc'><strong><em>18.</em></strong></span> <span class='ocrx_word' id='word_1_251' title='bbox 441 1897 550 1947; x_wconf 74' lang='lat' dir='ltr'><strong><em>Quae</em></strong></span> <span class='ocrx_word' id='word_1_252' title='bbox 567 1899 611 1937; x_wconf 77' lang='lat' dir='ltr'><strong><em>in</em></strong></span> <span class='ocrx_word' id='word_1_253' title='bbox 629 1899 828 1947; x_wconf 77' lang='lat' dir='ltr'><strong><em>apparata</em></strong></span> <span class='ocrx_word' id='word_1_254' title='bbox 841 1898 1029 1937; x_wconf 83' lang='lat' dir='ltr'><strong><em>Bremero</em></strong></span> <span class='ocrx_word' id='word_1_255' title='bbox 1048 1898 1343 1946; x_wconf 70' lang='lat' dir='ltr'><strong><em>adscripsimus,</em></strong></span> <span class='ocrx_word' id='word_1_256' title='bbox 1356 1897 1550 1936; x_wconf 71' lang='lat' dir='ltr'><strong><em>Huschkii</em></strong></span> <span class='ocrx_word' id='word_1_257' title='bbox 1568 1900 1679 1936; x_wconf 79' lang='lat' dir='ltr'><strong><em>sant:</em></strong></span> <span class='ocrx_word' id='word_1_258' title='bbox 1700 1898 1749 1945; x_wconf 80' lang='lat' dir='ltr'><strong><em>cf.</em></strong></span> <span class='ocrx_word' id='word_1_259' title='bbox 1765 1893 1895 1947; x_wconf 64' lang='lat' dir='ltr'><strong><em>‘Iqua</em></strong></span> 
     </span>
     <span class='ocr_line' id='line_1_28' title="bbox 139 1959 1895 2013; baseline 0 -11"><span class='ocrx_word' id='word_1_260' title='bbox 139 1959 242 2012; x_wconf 72' lang='lat' dir='ltr'><strong><em>Tafi’</em></strong></span> <span class='ocrx_word' id='word_1_261' title='bbox 256 1974 300 2011; x_wconf 96' lang='grc' dir='ltr'><strong><em>Ρ.</em></strong></span> <span class='ocrx_word' id='word_1_262' title='bbox 322 1964 426 2010; x_wconf 83' lang='grc'><strong>437,·</strong></span> <span class='ocrx_word' id='word_1_263' title='bbox 443 1963 572 2003; x_wconf 77' lang='lat' dir='ltr'><strong>dividi</strong></span> <span class='ocrx_word' id='word_1_264' title='bbox 589 1965 726 2002; x_wconf 80' lang='lat' dir='ltr'><strong>tamen</strong></span> <span class='ocrx_word' id='word_1_265' title='bbox 744 1975 828 2003; x_wconf 82' lang='lat' dir='ltr'><strong><em>esse</em></strong></span> <span class='ocrx_word' id='word_1_266' title='bbox 847 1964 912 2004; x_wconf 86' lang='lat' dir='ltr'><strong><em>ius</em></strong></span> <span class='ocrx_word' id='word_1_267' title='bbox 930 1963 1167 2002; x_wconf 70' lang='lat' dir='ltr'><strong><em>Lachmann</em></strong></span> <span class='ocrx_word' id='word_1_268' title='bbox 1185 1959 1269 2003; x_wconf 60' lang='grc' dir='ltr'><strong><em>εΚι.</em></strong></span> <span class='ocrx_word' id='word_1_269' title='bbox 1282 1960 1405 2002; x_wconf 62' lang='lat' dir='ltr'><strong><em>Schr?</em></strong></span> <span class='ocrx_word' id='word_1_270' title='bbox 1419 1975 1463 2011; x_wconf 93' lang='grc' dir='ltr'><strong><em>Ρ.</em></strong></span> <span class='ocrx_word' id='word_1_271' title='bbox 1481 1964 1576 2002; x_wconf 91' lang='grc'><strong>186.</strong></span> <span class='ocrx_word' id='word_1_272' title='bbox 1619 1963 1744 2002; x_wconf 78' lang='lat' dir='ltr'><strong><em>Verba</em></strong></span> <span class='ocrx_word' id='word_1_273' title='bbox 1764 1963 1895 2013; x_wconf 87' lang='lat' dir='ltr'><strong>plebei</strong></span> 
     </span>
     <span class='ocr_line' id='line_1_29' title="bbox 134 2028 1895 2080; baseline 0.001 -13"><span class='ocrx_word' id='word_1_274' title='bbox 134 2041 230 2067; x_wconf 76' lang='lat' dir='ltr'><strong><em>rura.</em></strong></span> <span class='ocrx_word' id='word_1_275' title='bbox 263 2028 431 2080; x_wconf 73' lang='lat' dir='ltr'><strong><em>largiter</em></strong></span> <span class='ocrx_word' id='word_1_276' title='bbox 463 2029 513 2068; x_wconf 75' lang='lat' dir='ltr'><strong><em>ad</em></strong></span> <span class='ocrx_word' id='word_1_277' title='bbox 548 2041 683 2068; x_wconf 69' lang='lat' dir='ltr'><strong><em>exeam</em></strong></span> <span class='ocrx_word' id='word_1_278' title='bbox 714 2041 817 2069; x_wconf 86' lang='lat' dir='ltr'><strong><em>sana</em></strong></span> <span class='ocrx_word' id='word_1_279' title='bbox 848 2040 928 2068; x_wconf 82' lang='lat' dir='ltr'><strong><em>esse</em></strong></span> <span class='ocrx_word' id='word_1_280' title='bbox 958 2029 1148 2068; x_wconf 73' lang='lat' dir='ltr'><strong><em>videntur.</em></strong></span> <span class='ocrx_word' id='word_1_281' title='bbox 1196 2029 1256 2078; x_wconf 78' lang='lat' dir='ltr'><strong><em>Of.</em></strong></span> <span class='ocrx_word' id='word_1_282' title='bbox 1281 2029 1509 2078; x_wconf 78' lang='lat' dir='ltr'><strong><em>Iarisprwd.</em></strong></span> <span class='ocrx_word' id='word_1_283' title='bbox 1537 2030 1716 2068; x_wconf 65' lang='lat' dir='ltr'><strong><em>autemst.</em></strong></span> <span class='ocrx_word' id='word_1_284' title='bbox 1744 2029 1810 2068; x_wconf 86' lang='lat' dir='ltr'><strong><em>rel.</em></strong></span> <span class='ocrx_word' id='word_1_285' title='bbox 1838 2030 1895 2068; x_wconf 82' lang='lat' dir='ltr'><strong><em>ed.</em></strong></span> 
     </span>
     <span class='ocr_line' id='line_1_30' title="bbox 135 2094 1431 2143; baseline -0.001 -9"><span class='ocrx_word' id='word_1_286' title='bbox 135 2095 318 2134; x_wconf 76' lang='lat' dir='ltr'><strong><em>Huschke</em></strong></span> <span class='ocrx_word' id='word_1_287' title='bbox 342 2094 399 2134; x_wconf 82' lang='lat' dir='ltr'><strong><em>ed.</em></strong></span> <span class='ocrx_word' id='word_1_288' title='bbox 428 2095 492 2134; x_wconf 92' lang='lat' dir='ltr'><strong><em>VI</em></strong></span> <span class='ocrx_word' id='word_1_289' title='bbox 513 2098 652 2134; x_wconf 70' lang='lat' dir='ltr'><strong><em>curam</em></strong></span> <span class='ocrx_word' id='word_1_290' title='bbox 677 2095 727 2134; x_wconf 87' lang='lat' dir='ltr'><strong><em>ab</em></strong></span> <span class='ocrx_word' id='word_1_291' title='bbox 752 2095 802 2134; x_wconf 80' lang='lat' dir='ltr'><strong><em>E.</em></strong></span> <span class='ocrx_word' id='word_1_292' title='bbox 823 2094 953 2134; x_wconf 77' lang='lat' dir='ltr'><strong><em>Seckel</em></strong></span> <span class='ocrx_word' id='word_1_293' title='bbox 979 2097 1014 2133; x_wconf 83' lang='lat' dir='ltr'><strong><em>et</em></strong></span> <span class='ocrx_word' id='word_1_294' title='bbox 1038 2095 1088 2133; x_wconf 92' lang='lat' dir='ltr'><strong><em>B.</em></strong></span> <span class='ocrx_word' id='word_1_295' title='bbox 1108 2095 1280 2134; x_wconf 84' lang='lat' dir='ltr'><strong><em>Kuebler</em></strong></span> <span class='ocrx_word' id='word_1_296' title='bbox 1297 2106 1341 2143; x_wconf 95' lang='grc' dir='ltr'><strong><em>Ρ.</em></strong></span> <span class='ocrx_word' id='word_1_297' title='bbox 1363 2095 1431 2134; x_wconf 89' lang='lat'><strong><em>35.</em></strong></span> 
     </span>
    </p>
   </div>
   <div class='ocr_carea' id='block_1_5' title="bbox 129 2166 1901 3129">
    <p class='ocr_par' dir='ltr' id='par_1_17' title="bbox 259 2166 1427 2215">
     <span class='ocr_line' id='line_1_31' title="bbox 259 2166 1427 2215; baseline 0 -10"><span class='ocrx_word' id='word_1_298' title='bbox 259 2167 326 2215; x_wconf 85' lang='lat'><strong><em>13,</em></strong></span> <span class='ocrx_word' id='word_1_299' title='bbox 348 2167 414 2206; x_wconf 88' lang='grc'><strong><em>19.</em></strong></span> <span class='ocrx_word' id='word_1_300' title='bbox 450 2166 510 2215; x_wconf 77' lang='lat' dir='ltr'><strong><em>Cf.</em></strong></span> <span class='ocrx_word' id='word_1_301' title='bbox 536 2166 751 2206; x_wconf 76' lang='lat' dir='ltr'><strong><em>Buecheler</em></strong></span> <span class='ocrx_word' id='word_1_302' title='bbox 774 2167 886 2206; x_wconf 81' lang='lat' dir='ltr'><strong><em>Mas.</em></strong></span> <span class='ocrx_word' id='word_1_303' title='bbox 911 2166 1034 2205; x_wconf 74' lang='lat' dir='ltr'><strong><em>Rhen.</em></strong></span> <span class='ocrx_word' id='word_1_304' title='bbox 1061 2166 1131 2206; x_wconf 80' lang='lat' dir='ltr'><strong><em>vol.</em></strong></span> <span class='ocrx_word' id='word_1_305' title='bbox 1151 2166 1251 2204; x_wconf 92' lang='lat' dir='ltr'><strong><em>LII</em></strong></span> <span class='ocrx_word' id='word_1_306' title='bbox 1262 2179 1306 2215; x_wconf 87' lang='grc' dir='ltr'><strong><em>Ρ.</em></strong></span> <span class='ocrx_word' id='word_1_307' title='bbox 1328 2167 1427 2205; x_wconf 85' lang='grc'><strong>398.</strong></span> 
     </span>
    </p>

    <p class='ocr_par' dir='ltr' id='par_1_18' title="bbox 129 2227 1901 2349">
     <span class='ocr_line' id='line_1_32' title="bbox 259 2227 1901 2282; baseline 0.001 -12"><span class='ocrx_word' id='word_1_308' title='bbox 259 2233 326 2282; x_wconf 89' lang='grc'><strong><em>13,</em></strong></span> <span class='ocrx_word' id='word_1_309' title='bbox 349 2233 415 2271; x_wconf 86' lang='grc'><strong><em>21.</em></strong></span> <span class='ocrx_word' id='word_1_310' title='bbox 451 2231 511 2281; x_wconf 78' lang='lat' dir='ltr'><strong><em>Of.</em></strong></span> <span class='ocrx_word' id='word_1_311' title='bbox 527 2232 720 2271; x_wconf 82' lang='lat' dir='ltr'><strong><em>Wissowa</em></strong></span> <span class='ocrx_word' id='word_1_312' title='bbox 740 2227 1349 2281; x_wconf 55' lang='grc' dir='ltr'><strong><em>ε6463.Αι&gt;1ιοιηα·ιι.;ε.νῦνη.Ιῆῑιιῑιῃ.</em></strong></span> <span class='ocrx_word' id='word_1_313' title='bbox 1369 2229 1674 2280; x_wconf 66' lang='grc' dir='ltr'><strong>ιι.8ΐαᾱ196361ι.’</strong></span> <span class='ocrx_word' id='word_1_314' title='bbox 1690 2232 1745 2280; x_wconf 90' lang='lat' dir='ltr'><strong><em>(a.</em></strong></span> <span class='ocrx_word' id='word_1_315' title='bbox 1766 2231 1901 2281; x_wconf 82' lang='grc'><strong>1904)</strong></span> 
     </span>
     <span class='ocr_line' id='line_1_33' title="bbox 129 2293 1750 2349; baseline 0 -13"><span class='ocrx_word' id='word_1_316' title='bbox 129 2310 173 2347; x_wconf 92' lang='grc' dir='ltr'><strong><em>Ρ.</em></strong></span> <span class='ocrx_word' id='word_1_317' title='bbox 199 2299 287 2337; x_wconf 78' lang='grc'><strong>240</strong></span> <span class='ocrx_word' id='word_1_318' title='bbox 313 2298 406 2337; x_wconf 81' lang='lat' dir='ltr'><strong><em>adn.</em></strong></span> <span class='ocrx_word' id='word_1_319' title='bbox 440 2319 493 2325; x_wconf 88' lang='lat'>—</span> <span class='ocrx_word' id='word_1_320' title='bbox 526 2298 667 2347; x_wconf 84' lang='lat' dir='ltr'><strong><em>Roma,</em></strong></span> <span class='ocrx_word' id='word_1_321' title='bbox 691 2293 868 2349; x_wconf 73' lang='lat' dir='ltr'><strong>(antea)</strong></span> <span class='ocrx_word' id='word_1_322' title='bbox 886 2297 1107 2336; x_wconf 77' lang='lat' dir='ltr'><strong><em>Mommsen</em></strong></span> <span class='ocrx_word' id='word_1_323' title='bbox 1133 2293 1329 2336; x_wconf 67' lang='grc' dir='ltr'><strong><em>εδ*ιιιαΐ3ν.’</em></strong></span> <span class='ocrx_word' id='word_1_324' title='bbox 1357 2298 1442 2336; x_wconf 94' lang='grc' dir='ltr'><strong><em>ΙΙΙ</em></strong></span> <span class='ocrx_word' id='word_1_325' title='bbox 1464 2301 1487 2336; x_wconf 96' lang='grc'><strong><em>1</em></strong></span> <span class='ocrx_word' id='word_1_326' title='bbox 1507 2309 1551 2346; x_wconf 90' lang='grc' dir='ltr'><strong><em>Ρ.</em></strong></span> <span class='ocrx_word' id='word_1_327' title='bbox 1582 2299 1678 2336; x_wconf 90' lang='grc'><strong>113.</strong></span> <span class='ocrx_word' id='word_1_328' title='bbox 1743 2321 1750 2326; x_wconf 37' lang='grc' dir='ltr'><em>ψ</em></span> 
     </span>
    </p>

    <p class='ocr_par' dir='ltr' id='par_1_19' title="bbox 262 2359 1524 2416">
     <span class='ocr_line' id='line_1_34' title="bbox 262 2359 1524 2416; baseline 0 -14"><span class='ocrx_word' id='word_1_329' title='bbox 262 2364 330 2413; x_wconf 94' lang='grc'><strong><em>14,</em></strong></span> <span class='ocrx_word' id='word_1_330' title='bbox 352 2367 388 2403; x_wconf 96' lang='grc'><strong><em>1.</em></strong></span> <span class='ocrx_word' id='word_1_331' title='bbox 421 2359 714 2416; x_wconf 81' lang='lat' dir='ltr'><strong>Capitolinum]</strong></span> <span class='ocrx_word' id='word_1_332' title='bbox 738 2363 786 2403; x_wconf 83' lang='lat' dir='ltr'><strong><em>de</em></strong></span> <span class='ocrx_word' id='word_1_333' title='bbox 810 2363 934 2403; x_wconf 79' lang='lat' dir='ltr'><strong><em>libera</em></strong></span> <span class='ocrx_word' id='word_1_334' title='bbox 958 2365 1156 2402; x_wconf 53' lang='lat' dir='ltr'><strong><em>structura</em></strong></span> <span class='ocrx_word' id='word_1_335' title='bbox 1181 2364 1229 2412; x_wconf 78' lang='lat' dir='ltr'><strong><em>cf.</em></strong></span> <span class='ocrx_word' id='word_1_336' title='bbox 1256 2363 1309 2402; x_wconf 85' lang='lat' dir='ltr'><strong><em>ad</em></strong></span> <span class='ocrx_word' id='word_1_337' title='bbox 1326 2376 1370 2412; x_wconf 92' lang='grc' dir='ltr'><strong><em>Ρ.</em></strong></span> <span class='ocrx_word' id='word_1_338' title='bbox 1399 2365 1466 2410; x_wconf 90' lang='grc'><strong><em>13,</em></strong></span> <span class='ocrx_word' id='word_1_339' title='bbox 1490 2366 1524 2402; x_wconf 91' lang='grc'><strong><em>6.</em></strong></span> 
     </span>
    </p>

    <p class='ocr_par' dir='ltr' id='par_1_20' title="bbox 142 2428 1897 2544">
     <span class='ocr_line' id='line_1_35' title="bbox 263 2428 1897 2479; baseline 0.001 -11"><span class='ocrx_word' id='word_1_340' title='bbox 263 2430 328 2479; x_wconf 88' lang='grc'><strong><em>14,</em></strong></span> <span class='ocrx_word' id='word_1_341' title='bbox 350 2430 374 2468; x_wconf 90' lang='grc'><strong>6</strong></span> <span class='ocrx_word' id='word_1_342' title='bbox 389 2441 444 2478; x_wconf 83' lang='lat' dir='ltr'><strong><em>sq.</em></strong></span> <span class='ocrx_word' id='word_1_343' title='bbox 483 2429 736 2469; x_wconf 76' lang='lat' dir='ltr'><strong>tradiderunt</strong></span> <span class='ocrx_word' id='word_1_344' title='bbox 761 2432 796 2468; x_wconf 76' lang='lat' dir='ltr'><strong><em>et</em></strong></span> <span class='ocrx_word' id='word_1_345' title='bbox 825 2428 932 2478; x_wconf 74' lang='lat' dir='ltr'><strong><em>(oum</em></strong></span> <span class='ocrx_word' id='word_1_346' title='bbox 956 2430 1018 2467; x_wconf 74' lang='lat' dir='ltr'><strong><em>ten</em></strong></span> <span class='ocrx_word' id='word_1_347' title='bbox 1043 2428 1232 2477; x_wconf 75' lang='lat' dir='ltr'><strong><em>Brinkio)</em></strong></span> <span class='ocrx_word' id='word_1_348' title='bbox 1258 2428 1419 2468; x_wconf 76' lang='lat' dir='ltr'><strong>Latium</strong></span> <span class='ocrx_word' id='word_1_349' title='bbox 1443 2441 1521 2478; x_wconf 81' lang='grc' dir='ltr'><strong><em>Ρνο</em></strong></span> <span class='ocrx_word' id='word_1_350' title='bbox 1545 2429 1628 2468; x_wconf 74' lang='lat' dir='ltr'><strong><em>late</em></strong></span> <span class='ocrx_word' id='word_1_351' title='bbox 1653 2429 1702 2467; x_wconf 90' lang='lat' dir='ltr'><strong><em>L.</em></strong></span> <span class='ocrx_word' id='word_1_352' title='bbox 1724 2430 1897 2469; x_wconf 74' lang='lat' dir='ltr'><strong><em>Mueller</em></strong></span> 
     </span>
     <span class='ocr_line' id='line_1_36' title="bbox 142 2491 592 2544; baseline 0 -10"><span class='ocrx_word' id='word_1_353' title='bbox 142 2491 200 2544; x_wconf 71' lang='grc' dir='ltr'><strong>Ὃ.</strong></span> <span class='ocrx_word' id='word_1_354' title='bbox 221 2491 344 2534; x_wconf 60' lang='lat' dir='ltr'><strong><em>Eam?</em></strong></span> <span class='ocrx_word' id='word_1_355' title='bbox 363 2506 406 2543; x_wconf 94' lang='grc' dir='ltr'><strong><em>Ρ.</em></strong></span> <span class='ocrx_word' id='word_1_356' title='bbox 436 2495 534 2541; x_wconf 85' lang='grc'><strong>145,</strong></span> <span class='ocrx_word' id='word_1_357' title='bbox 555 2498 592 2534; x_wconf 92' lang='grc'><strong><em>1.</em></strong></span> 
     </span>
    </p>

    <p class='ocr_par' dir='ltr' id='par_1_21' title="bbox 132 2559 1894 2741">
     <span class='ocr_line' id='line_1_37' title="bbox 261 2559 1893 2609; baseline 0.001 -11"><span class='ocrx_word' id='word_1_358' title='bbox 261 2562 328 2609; x_wconf 89' lang='grc'><strong><em>14,</em></strong></span> <span class='ocrx_word' id='word_1_359' title='bbox 350 2562 386 2599; x_wconf 84' lang='grc'><strong><em>7.</em></strong></span> <span class='ocrx_word' id='word_1_360' title='bbox 418 2560 598 2599; x_wconf 79' lang='lat' dir='ltr'><strong><em>Ennium</em></strong></span> <span class='ocrx_word' id='word_1_361' title='bbox 618 2560 785 2609; x_wconf 71' lang='lat' dir='ltr'><strong><em>(Armal.</em></strong></span> <span class='ocrx_word' id='word_1_362' title='bbox 805 2561 882 2608; x_wconf 90' lang='grc'><strong><em>25)</em></strong></span> <span class='ocrx_word' id='word_1_363' title='bbox 908 2561 1051 2600; x_wconf 74' lang='lat' dir='ltr'><strong><em>dixisse</em></strong></span> <span class='ocrx_word' id='word_1_364' title='bbox 1077 2559 1267 2599; x_wconf 74' lang='lat' dir='ltr'><strong>Saturnia</strong></span> <span class='ocrx_word' id='word_1_365' title='bbox 1292 2563 1400 2600; x_wconf 80' lang='lat' dir='ltr'><strong><em>terra</em></strong></span> <span class='ocrx_word' id='word_1_366' title='bbox 1420 2572 1466 2599; x_wconf 79' lang='lat' dir='ltr'><strong><em>ex</em></strong></span> <span class='ocrx_word' id='word_1_367' title='bbox 1488 2561 1682 2599; x_wconf 70' lang='lat' dir='ltr'><strong><em>Varronis</em></strong></span> <span class='ocrx_word' id='word_1_368' title='bbox 1707 2561 1786 2599; x_wconf 79' lang='lat' dir='ltr'><strong><em>Ioco</em></strong></span> <span class='ocrx_word' id='word_1_369' title='bbox 1813 2571 1893 2599; x_wconf 81' lang='lat' dir='ltr'><strong><em>non</em></strong></span> 
     </span>
     <span class='ocr_line' id='line_1_38' title="bbox 138 2625 1894 2676; baseline 0.001 -12"><span class='ocrx_word' id='word_1_370' title='bbox 138 2627 331 2674; x_wconf 67' lang='lat' dir='ltr'><strong><em>sequitur:</em></strong></span> <span class='ocrx_word' id='word_1_371' title='bbox 354 2637 450 2664; x_wconf 80' lang='lat' dir='ltr'><strong><em>nam</em></strong></span> <span class='ocrx_word' id='word_1_372' title='bbox 473 2627 623 2665; x_wconf 71' lang='lat' dir='ltr'><strong>terram</strong></span> <span class='ocrx_word' id='word_1_373' title='bbox 647 2628 730 2665; x_wconf 75' lang='lat' dir='ltr'><em>voci</em></span> <span class='ocrx_word' id='word_1_374' title='bbox 753 2629 930 2666; x_wconf 82' lang='lat' dir='ltr'><strong>montem</strong></span> <span class='ocrx_word' id='word_1_375' title='bbox 955 2627 1173 2676; x_wconf 75' lang='lat' dir='ltr'><strong><em>oppositum</em></strong></span> <span class='ocrx_word' id='word_1_376' title='bbox 1199 2625 1391 2665; x_wconf 80' lang='lat' dir='ltr'><strong><em>Varronis</em></strong></span> <span class='ocrx_word' id='word_1_377' title='bbox 1415 2629 1487 2671; x_wconf 82' lang='lat' dir='ltr'><strong><em>est,</em></strong></span> <span class='ocrx_word' id='word_1_378' title='bbox 1512 2638 1592 2665; x_wconf 76' lang='lat' dir='ltr'><strong><em>non</em></strong></span> <span class='ocrx_word' id='word_1_379' title='bbox 1616 2626 1756 2671; x_wconf 79' lang='lat' dir='ltr'><strong><em>Ennii,</em></strong></span> <span class='ocrx_word' id='word_1_380' title='bbox 1782 2637 1894 2674; x_wconf 81' lang='lat' dir='ltr'><strong><em>quem</em></strong></span> 
     </span>
     <span class='ocr_line' id='line_1_39' title="bbox 132 2691 1891 2741; baseline 0.001 -11"><span class='ocrx_word' id='word_1_381' title='bbox 132 2693 278 2740; x_wconf 74' lang='lat' dir='ltr'><strong><em>potius,</em></strong></span> <span class='ocrx_word' id='word_1_382' title='bbox 298 2693 334 2730; x_wconf 79' lang='grc' dir='ltr'><strong><em>ει·</em></strong></span> <span class='ocrx_word' id='word_1_383' title='bbox 346 2702 486 2730; x_wconf 75' lang='lat' dir='ltr'><strong>nomen</strong></span> <span class='ocrx_word' id='word_1_384' title='bbox 500 2692 695 2737; x_wconf 71' lang='lat' dir='ltr'><strong><em>adiecerit,</em></strong></span> <span class='ocrx_word' id='word_1_385' title='bbox 710 2691 902 2732; x_wconf 76' lang='lat' dir='ltr'><strong><em>Saturnia</em></strong></span> <span class='ocrx_word' id='word_1_386' title='bbox 914 2691 1034 2731; x_wconf 78' lang='lat' dir='ltr'><strong>tellus</strong></span> <span class='ocrx_word' id='word_1_387' title='bbox 1047 2692 1192 2731; x_wconf 69' lang='lat' dir='ltr'><strong><em>dixisse</em></strong></span> <span class='ocrx_word' id='word_1_388' title='bbox 1209 2704 1254 2731; x_wconf 74' lang='lat' dir='ltr'><strong><em>ea:</em></strong></span> <span class='ocrx_word' id='word_1_389' title='bbox 1264 2691 1479 2741; x_wconf 74' lang='lat' dir='ltr'><strong><em>Very.Aen.</em></strong></span> <span class='ocrx_word' id='word_1_390' title='bbox 1491 2691 1608 2731; x_wconf 90' lang='lat' dir='ltr'><strong><em>VIII</em></strong></span> <span class='ocrx_word' id='word_1_391' title='bbox 1616 2693 1704 2731; x_wconf 87' lang='grc'><strong><em>329</em></strong></span> <span class='ocrx_word' id='word_1_392' title='bbox 1713 2693 1891 2731; x_wconf 61' lang='lat' dir='ltr'><strong><em>conicias.</em></strong></span> 
     </span>
    </p>

    <p class='ocr_par' dir='ltr' id='par_1_22' title="bbox 264 2756 912 2807">
     <span class='ocr_line' id='line_1_40' title="bbox 264 2756 912 2807; baseline 0.002 -11"><span class='ocrx_word' id='word_1_393' title='bbox 264 2758 330 2807; x_wconf 87' lang='lat'><strong><em>14,</em></strong></span> <span class='ocrx_word' id='word_1_394' title='bbox 351 2757 389 2797; x_wconf 88' lang='grc'><strong><em>8.</em></strong></span> <span class='ocrx_word' id='word_1_395' title='bbox 425 2756 485 2805; x_wconf 82' lang='lat' dir='ltr'><strong><em>Cf.</em></strong></span> <span class='ocrx_word' id='word_1_396' title='bbox 510 2757 762 2806; x_wconf 75' lang='lat' dir='ltr'><strong><em>Kmmbieyel</em></strong></span> <span class='ocrx_word' id='word_1_397' title='bbox 780 2770 823 2806; x_wconf 90' lang='grc' dir='ltr'><strong><em>Ρ.</em></strong></span> <span class='ocrx_word' id='word_1_398' title='bbox 845 2759 912 2797; x_wconf 91' lang='grc'><strong><em>33.</em></strong></span> 
     </span>
    </p>

    <p class='ocr_par' dir='ltr' id='par_1_23' title="bbox 141 2823 1895 3005">
     <span class='ocr_line' id='line_1_41' title="bbox 262 2823 1895 2874; baseline 0.001 -13"><span class='ocrx_word' id='word_1_399' title='bbox 262 2824 330 2872; x_wconf 88' lang='grc'><strong><em>14,</em></strong></span> <span class='ocrx_word' id='word_1_400' title='bbox 353 2824 418 2862; x_wconf 93' lang='lat'><strong><em>12.</em></strong></span> <span class='ocrx_word' id='word_1_401' title='bbox 450 2823 505 2861; x_wconf 81' lang='lat' dir='ltr'><strong><em>In</em></strong></span> <span class='ocrx_word' id='word_1_402' title='bbox 517 2823 743 2872; x_wconf 70' lang='lat' dir='ltr'><strong><em>Iurispmd.</em></strong></span> <span class='ocrx_word' id='word_1_403' title='bbox 763 2823 984 2863; x_wconf 74' lang='lat' dir='ltr'><strong><em>anteiastin.</em></strong></span> <span class='ocrx_word' id='word_1_404' title='bbox 1005 2823 1072 2862; x_wconf 80' lang='lat' dir='ltr'><strong><em>rel.</em></strong></span> <span class='ocrx_word' id='word_1_405' title='bbox 1093 2824 1149 2862; x_wconf 81' lang='lat' dir='ltr'><strong><em>ed.</em></strong></span> <span class='ocrx_word' id='word_1_406' title='bbox 1167 2823 1230 2861; x_wconf 93' lang='lat' dir='ltr'><strong><em>VI</em></strong></span> <span class='ocrx_word' id='word_1_407' title='bbox 1244 2835 1287 2872; x_wconf 91' lang='grc' dir='ltr'><strong><em>Ρ.</em></strong></span> <span class='ocrx_word' id='word_1_408' title='bbox 1305 2826 1358 2861; x_wconf 89' lang='grc'><strong><em>11</em></strong></span> <span class='ocrx_word' id='word_1_409' title='bbox 1379 2823 1539 2872; x_wconf 75' lang='lat' dir='ltr'><strong><em>leyitur:</em></strong></span> <span class='ocrx_word' id='word_1_410' title='bbox 1557 2823 1731 2873; x_wconf 75' lang='lat' dir='ltr'><strong><em>parietes</em></strong></span> <span class='ocrx_word' id='word_1_411' title='bbox 1750 2823 1895 2874; x_wconf 75' lang='lat' dir='ltr'><strong>postici</strong></span> 
     </span>
     <span class='ocr_line' id='line_1_42' title="bbox 142 2883 1893 2939; baseline 0 -12"><span class='ocrx_word' id='word_1_412' title='bbox 142 2884 276 2927; x_wconf 80' lang='lat' dir='ltr'><strong>‘muri’</strong></span> <span class='ocrx_word' id='word_1_413' title='bbox 305 2900 383 2937; x_wconf 85' lang='grc' dir='ltr'><strong><em>Ρνο</em></strong></span> <span class='ocrx_word' id='word_1_414' title='bbox 417 2889 590 2938; x_wconf 78' lang='lat' dir='ltr'><strong><em>parietes</em></strong></span> <span class='ocrx_word' id='word_1_415' title='bbox 617 2883 778 2938; x_wconf 73' lang='lat' dir='ltr'><strong><em>‘postici</em></strong></span> <span class='ocrx_word' id='word_1_416' title='bbox 807 2884 940 2935; x_wconf 87' lang='lat' dir='ltr'><strong><em>muri’,</em></strong></span> <span class='ocrx_word' id='word_1_417' title='bbox 964 2890 1032 2928; x_wconf 77' lang='lat' dir='ltr'><strong><em>vix</em></strong></span> <span class='ocrx_word' id='word_1_418' title='bbox 1055 2891 1172 2928; x_wconf 81' lang='lat' dir='ltr'><strong><em>recte:</em></strong></span> <span class='ocrx_word' id='word_1_419' title='bbox 1205 2901 1300 2928; x_wconf 76' lang='lat' dir='ltr'><strong><em>nam</em></strong></span> <span class='ocrx_word' id='word_1_420' title='bbox 1331 2892 1424 2939; x_wconf 81' lang='lat' dir='ltr'><strong><em>post</em></strong></span> <span class='ocrx_word' id='word_1_421' title='bbox 1458 2888 1594 2928; x_wconf 71' lang='lat' dir='ltr'><strong>aedem</strong></span> <span class='ocrx_word' id='word_1_422' title='bbox 1622 2887 1786 2927; x_wconf 76' lang='lat' dir='ltr'><strong><em>Saturni</em></strong></span> <span class='ocrx_word' id='word_1_423' title='bbox 1812 2919 1820 2927; x_wconf 93' lang='lat'><strong>.</strong></span> <span class='ocrx_word' id='word_1_424' title='bbox 1848 2919 1856 2927; x_wconf 93' lang='lat'><strong>.</strong></span> <span class='ocrx_word' id='word_1_425' title='bbox 1884 2920 1893 2928; x_wconf 94' lang='lat'><strong>.</strong></span> 
     </span>
     <span class='ocr_line' id='line_1_43' title="bbox 141 2951 1699 3005; baseline 0 -12"><span class='ocrx_word' id='word_1_426' title='bbox 141 2955 315 3005; x_wconf 65' lang='lat' dir='ltr'><strong><em>parietas</em></strong></span> <span class='ocrx_word' id='word_1_427' title='bbox 339 2957 432 2993; x_wconf 77' lang='lat' dir='ltr'><strong><em>sunt</em></strong></span> <span class='ocrx_word' id='word_1_428' title='bbox 454 2954 628 3004; x_wconf 64' lang='lat' dir='ltr'><strong><em>parietes</em></strong></span> <span class='ocrx_word' id='word_1_429' title='bbox 653 2953 819 3004; x_wconf 75' lang='lat' dir='ltr'><strong><em>postiei;</em></strong></span> <span class='ocrx_word' id='word_1_430' title='bbox 842 2956 887 2993; x_wconf 64' lang='lat' dir='ltr'><strong><em>im</em></strong></span> <span class='ocrx_word' id='word_1_431' title='bbox 910 2955 1058 3004; x_wconf 59' lang='lat' dir='ltr'><strong><em>lembus</em></strong></span> <span class='ocrx_word' id='word_1_432' title='bbox 1081 2954 1142 2993; x_wconf 77' lang='lat' dir='ltr'><strong><em>illi</em></strong></span> <span class='ocrx_word' id='word_1_433' title='bbox 1168 2951 1327 3004; x_wconf 76' lang='lat' dir='ltr'><strong><em>‘postici</em></strong></span> <span class='ocrx_word' id='word_1_434' title='bbox 1354 2951 1473 2993; x_wconf 88' lang='lat' dir='ltr'><strong>muri’</strong></span> <span class='ocrx_word' id='word_1_435' title='bbox 1500 2956 1699 2993; x_wconf 74' lang='lat' dir='ltr'><strong><em>vocantur.</em></strong></span> 
     </span>
    </p>

    <p class='ocr_par' dir='ltr' id='par_1_24' title="bbox 141 3015 1896 3129">
     <span class='ocr_line' id='line_1_44' title="bbox 263 3015 1896 3071; baseline 0 -13"><span class='ocrx_word' id='word_1_436' title='bbox 263 3020 331 3068; x_wconf 91' lang='lat'><strong><em>15,</em></strong></span> <span class='ocrx_word' id='word_1_437' title='bbox 353 3021 389 3058; x_wconf 91' lang='lat'><strong><em>1.</em></strong></span> <span class='ocrx_word' id='word_1_438' title='bbox 422 3019 528 3069; x_wconf 89' lang='lat' dir='ltr'>quod</span> <span class='ocrx_word' id='word_1_439' title='bbox 554 3031 601 3058; x_wconf 78' lang='lat' dir='ltr'><strong><em>ea</em></strong></span> <span class='ocrx_word' id='word_1_440' title='bbox 619 3031 700 3069; x_wconf 83' lang='lat' dir='ltr'><strong><em>qua.</em></strong></span> <span class='ocrx_word' id='word_1_441' title='bbox 723 3020 811 3058; x_wconf 73' lang='lat' dir='ltr'><strong><em>tum</em></strong></span> <span class='ocrx_word' id='word_1_442' title='bbox 835 3020 937 3058; x_wconf 81' lang='lat' dir='ltr'><strong>itum</strong></span> <span class='ocrx_word' id='word_1_443' title='bbox 956 3021 1015 3058; x_wconf 72' lang='lat' dir='ltr'><strong><em>vel</em></strong></span> <span class='ocrx_word' id='word_1_444' title='bbox 1033 3019 1140 3069; x_wconf 88' lang='lat' dir='ltr'>quod</span> <span class='ocrx_word' id='word_1_445' title='bbox 1159 3031 1206 3058; x_wconf 77' lang='lat' dir='ltr'><strong><em>ea</em></strong></span> <span class='ocrx_word' id='word_1_446' title='bbox 1227 3032 1333 3069; x_wconf 83' lang='lat' dir='ltr'><strong><em>aqua</em></strong></span> <span class='ocrx_word' id='word_1_447' title='bbox 1352 3015 1489 3070; x_wconf 75' lang='lat' dir='ltr'><strong>(qua)</strong></span> <span class='ocrx_word' id='word_1_448' title='bbox 1507 3022 1593 3059; x_wconf 78' lang='lat' dir='ltr'><strong><em>tum</em></strong></span> <span class='ocrx_word' id='word_1_449' title='bbox 1614 3016 1774 3071; x_wconf 79' lang='lat' dir='ltr'><strong>&lt;i&gt;tum</strong></span> <span class='ocrx_word' id='word_1_450' title='bbox 1788 3020 1896 3058; x_wconf 77' lang='lat' dir='ltr'><strong><em>Ellis</em></strong></span> 
     </span>
     <span class='ocr_line' id='line_1_45' title="bbox 141 3083 723 3129; baseline 0 -6"><span class='ocrx_word' id='word_1_451' title='bbox 141 3084 166 3124; x_wconf 78' lang='lat' dir='ltr'><strong><em>l.</em></strong></span> <span class='ocrx_word' id='word_1_452' title='bbox 191 3095 222 3123; x_wconf 90' lang='lat' dir='ltr'><strong><em>s.</em></strong></span> <span class='ocrx_word' id='word_1_453' title='bbox 248 3095 295 3129; x_wconf 92' lang='grc'><strong><em>3.,</em></strong></span> <span class='ocrx_word' id='word_1_454' title='bbox 321 3085 423 3123; x_wconf 76' lang='lat' dir='ltr'><strong>itum</strong></span> <span class='ocrx_word' id='word_1_455' title='bbox 448 3096 537 3124; x_wconf 78' lang='lat' dir='ltr'><strong><em>cum</em></strong></span> <span class='ocrx_word' id='word_1_456' title='bbox 564 3083 723 3124; x_wconf 81' lang='lat' dir='ltr'><strong><em>Canale.</em></strong></span> 
     </span>
    </p>
   </div>
  </div>
 </body>
</html>
