2176 3386
218 575 262 606 87

217 931 262 962 88

217 1430 261 1461 89

216 1999 261 2030 90

292 98 347 140 88
919 98 983 134 DE
1009 98 1193 136 LINGVA
1217 99 1398 134 LATINA

291 207 561 262 salutareque
594 207 754 262 sie[ri]t
783 207 946 263 populo
978 207 1173 250 Romano
1206 206 1446 258 Quiritibus
1477 209 1623 263 reique
1654 209 1850 264 publicae
1879 208 2029 265 populi

290 278 475 320 Romani
517 277 750 328 Quiritium
799 277 989 333 mihique
1038 280 1311 335 collegaeque
1359 293 1472 334 meo,
1520 279 1621 321 fidei
1675 268 2042 336 magistratuique*

290 352 452 405 nostro,
484 364 630 392 omnes
657 349 856 404 Quirites,
881 349 1046 405 pedites
1072 352 1260 392 armatos
1284 350 1572 406 privatosque,
1598 353 1813 393 curatores
1839 350 2030 394 omnium

289 420 494 475 tribuum,
532 421 569 462 si
607 420 701 476 quis
739 435 818 476 pro
857 435 900 463 se
933 420 1021 462 sive
1057 436 1136 476 pro
1175 421 1309 463 altero
1346 422 1555 464 rationem
1587 422 1678 464 dari
1708 422 1836 477 volet,
1865 421 2029 478 voca[t]

289 491 482 534 inlicium
512 491 597 533 huc
627 491 681 532 ad
711 491 807 533 me?
2066 511 2084 539 5

410 563 577 618 ‘praeco
615 563 661 605 in
697 562 859 618 templo
897 562 1084 617 primum
1121 566 1262 617 vocat,
1304 566 1455 618 postea
1491 563 1542 605 de
1571 564 1727 606 moeris
1764 564 1866 607 item
1896 566 2031 607 vocat.

288 633 363 676 ubi
394 633 521 685 lucet,
559 648 709 676 censor
740 634 904 676 scribae
934 634 1211 690 magistratus
1248 649 1394 676 murra
1423 634 1738 690 unguentisque
1774 637 2031 691 unguentur.

289 704 363 746 ubi
401 707 620 760 praetores
657 705 905 760 tribunique
942 705 1083 760 plebei
1121 706 1278 760 quique
1316 705 1361 747 in
1398 705 1625 748 consilium
1655 707 1797 749 vocati
1834 708 1933 748 sunt
1967 720 2033 748 ve-

288 779 457 833 nerunt,
488 790 683 819 censores
710 777 822 819 inter
849 791 891 819 se
918 777 1168 832 sortiuntur,
1199 779 1294 818 uter
1318 776 1503 818 lustrum
1528 776 1669 819 faciat.
1718 778 1793 819 ubi
1823 776 2031 832 templum

287 847 450 890 factum
476 850 550 903 est,
581 850 682 903 post
705 850 797 890 tum
824 849 1149 890 conventionem
1174 848 1305 890 habet
1336 849 1410 903 qui
1440 848 1626 890 lustrum
1658 848 1907 890 conditurus
1939 842 2035 891 est’l
2051 867 2086 894 ιο

407 919 452 960 in
484 919 799 961 commentariis
826 919 1120 961 consularibus
1147 920 1354 974 scriptum
1380 920 1441 962 sic
1465 920 1626 964 inveni:
1659 919 1766 975 “qui
1798 919 2032 963 exercitum

288 990 574 1045 imperaturus
612 989 705 1044 erit,
742 1003 919 1032 accenso
958 990 1062 1032 dicit
1097 989 1195 1032 hoc:
1241 989 1475 1045 ‘Calpurni,
1511 1005 1618 1033 voca
1654 990 1848 1033 inlicium
1886 1004 2032 1033 omnes

289 1060 476 1111 Quirites
519 1060 605 1103 huc
647 1061 700 1102 ad
737 1060 833 1102 me.'
894 1075 1094 1103 accensus
1132 1061 1236 1103 dicit
1273 1063 1351 1104 sic:
1395 1061 1557 1104 ‘omnes
1589 1060 1794 1117 Quirites,
1837 1061 2031 1103 inlicium

287 1132 414 1174 visite
438 1131 523 1174 huc
548 1132 601 1174 ad
626 1131 816 1179 iudices?
866 1131 926 1174 Ὃ.
948 1130 1181 1187 Calpurni',
1212 1146 1296 1174 cos.
1329 1132 1444 1187 dicit,
1477 1133 1597 1175 ‘voca
1628 1132 1681 1174 ad
1707 1132 2032 1175 conventionem

289 1217 435 1246 omnes
468 1202 652 1253 Quirites
684 1204 769 1246 huc
805 1203 859 1245 ad
889 1203 984 1245 me.'
1047 1217 1249 1246 accensus
1282 1203 1385 1245 dicit
1417 1203 1493 1246 sic:
1539 1204 1700 1246 ‘omnes
1732 1202 1936 1259 Quirites,
1972 1203 2032 1246 ite
2052 1222 2087 1250 ιε

288 1274 341 1316 ad
367 1275 693 1317 conventionem
718 1275 803 1316 huc
828 1274 881 1316 ad
906 1274 1095 1317 iudices.'
1145 1274 1242 1316 dein
1275 1274 1423 1316 consul
1454 1274 1670 1330 eloquitur
1701 1274 1753 1316 ad
1784 1274 2032 1317 exercitum:

290 1346 468 1401 ‘impero
502 1360 585 1401 qua
616 1346 816 1388 convenit
847 1345 900 1387 ad
932 1345 1105 1388 comitia
1137 1345 1416 1388 centuriata.''

408 1432 539 1473 quare
558 1416 700 1472 hi[n]c
720 1431 909 1472 accenso,
934 1417 1024 1459 illic
1043 1418 1245 1472 praeconi
1265 1416 1381 1471 dicit,
1406 1416 1512 1459 haec
1537 1419 1602 1459 est
1627 1431 1768 1459 causa:
1797 1417 1842 1458 in
1866 1416 2032 1472 aliquot

286 1488 413 1530 rebus
451 1489 554 1530 item
591 1491 640 1530 ut
678 1502 832 1543 praeco
871 1502 1072 1530 accensus
1110 1487 1401 1543 acci[pi]ebat,
1445 1503 1469 1529 a
1501 1502 1584 1543 quo
1623 1502 1824 1530 accensus
1862 1499 2032 1543 quoque

288 1559 438 1601 dictus
494 1573 718 1602 accensum
758 1558 931 1601 solitum
969 1560 1077 1602 ciere
1108 1558 1289 1602 Boeotia
1320 1559 1524 1615 ostendit,
1562 1573 1689 1613 quam
1728 1558 2032 1615 co[m]m<o>e-
2051 1578 2087 1604 πο

288 1631 399 1673 diam
431 1629 653 1685 A<qui>lii
684 1645 775 1673 esse
817 1629 981 1685 dicunt,
1023 1630 1104 1672 hoc
1142 1644 1268 1672 versu
1312 1629 1480 1686 (Plauti
1507 1631 1562 1684 fr.
1589 1630 1679 1684 II):
1725 1630 1814 1672 eubi
1845 1630 2032 1685 primum

286 1716 487 1744 accensus
520 1701 724 1744 clamarat
756 1701 1001 1744 meridiem’.
1063 1702 1147 1744 hoc
1183 1701 1295 1744 idem
1327 1699 1561 1749 Cosconius
1588 1701 1764 1756 (Funai.
1782 1716 1827 1755 p.
1847 1702 1948 1756 109)
1986 1702 2032 1743 in

287 1772 526 1815 actionibus
560 1772 819 1828 [sui]scribit
854 1775 1093 1828 praetorem
1127 1787 1350 1815 accensum
1383 1772 1557 1814 solitum
1590 1771 1720 1828 [tum]
1753 1786 1843 1814 esse
1873 1772 2032 1828 iubere,

286 1844 361 1886 ubi
398 1843 437 1885 ei
473 1843 698 1885 videbatur
733 1843 885 1886 horam
923 1858 1015 1885 esse
1052 1843 1234 1898 tertiam,
1271 1843 1499 1886 inclamare
1535 1844 1686 1886 horam
1724 1842 1896 1885 tertiam
1927 1857 2031 1898 esse,

286 1915 474 1970 itemque
506 1914 725 1956 meridiem
757 1917 799 1956 et
825 1914 977 1957 horam
1008 1929 1177 1956 nonam.
2049 1932 2085 1959 2⁶

407 1986 567 2028 circum
599 2000 744 2028 muros
776 1986 892 2028 mitti
929 1985 1081 2028 solitus
1114 2000 1198 2040 quo
1236 1985 1362 2028 modo
1395 1985 1588 2028 inliceret
1618 1984 1826 2040 populum
1857 1985 1903 2027 in
1934 1999 2032 2028 eum

407 2119 426 2149 2
450 2115 505 2158 Cf.
525 2115 608 2150 Liv.
630 2115 706 2150 XL
724 2117 784 2158 46,
798 2117 822 2149 9
840 2114 954 2159 (quod
979 2114 1019 2149 in
1039 2114 1209 2149 omnibus
1229 2113 1307 2149 fere
1325 2113 1605 2159 precationibus
1623 2113 1890 2158 nuncupabitis
1909 2113 2031 2149 verbis

289 2163 347 2197 ‘ut
381 2173 425 2198 ea
449 2174 507 2197 res
542 2162 636 2197 mihi
669 2161 911 2207 collegaeque
935 2172 1018 2196 meo
1049 2161 1143 2196 bene
1171 2164 1208 2196 et
1241 2161 1403 2197 feliciter
1428 2161 1605 2206 eveniat')
1643 2162 1654 2206 ΙΙ
1691 2164 1712 2195 5
1741 2161 1795 2204 Of.
1822 2161 1872 2196 ad
1895 2160 1923 2207 §¹
1947 2163 1994 2196 94
2018 2162 2030 2206 ΙΙ

289 2214 308 2244 9
333 2210 386 2253 Of.
407 2210 489 2245 Liv.
512 2209 587 2245 XL
607 2213 666 2252 45,
680 2212 705 2244 8
730 2214 762 2245 et
787 2212 846 2252 46,
860 2212 940 2254 78‘1-
968 2210 979 2254 ΙΙ
1006 2213 1048 2244 15
1072 2210 1126 2252 Cf.
1147 2210 1230 2245 Liv.
1251 2211 1326 2244 III
1341 2212 1399 2251 55,
1414 2213 1459 2244 11
1472 2220 1521 2253 sq.
1549 2210 1559 2253 ΙΙ
1586 2212 1629 2243 18
1642 2220 1714 2253 sqq.
1743 2208 1796 2251 Cf.
1818 2207 1936 2244 Varro
1960 2219 2028 2244 rer.

286 2258 382 2292 hum.
405 2257 488 2293 XX
505 2268 564 2302 ap.
586 2257 683 2292 Non.
706 2259 765 2300 59,
780 2260 799 2291 1
827 2258 883 2302 (ut
908 2256 1077 2291 consules
1104 2266 1147 2291 ac
1171 2258 1362 2301 praetores
1382 2256 1447 2300 qui
1472 2257 1647 2291 secuntur
1670 2255 1710 2289 in
1735 2256 1858 2290 castra
1883 2255 2031 2290 accensi

287 2305 391 2347 dicti,
418 2305 517 2348 quod
538 2304 587 2338 ad
611 2303 838 2339 necessarias
858 2315 916 2339 res
937 2304 1085 2349 saepius
1106 2304 1299 2338 acciantur
1316 2303 1419 2338 velut
1439 2303 1652 2348 accensiti),·
1677 2303 1757 2338 Liv.
1773 2303 1893 2338 XLV
1911 2305 1972 2346 29,
1985 2305 2031 2346 2;

290 2352 369 2387 ΤΘ.
389 2363 416 2387 s.
444 2352 590 2386 accensi
615 2353 626 2398 ΙΙ
652 2355 694 2386 21
725 2352 779 2396 Cf.
794 2352 893 2387 Plin.
916 2352 999 2386 VII
1017 2353 1091 2387 212
1116 2351 1299 2395 (adiectus
1319 2352 1375 2386 est
1400 2353 1438 2385 et
1462 2350 1635 2385 meridies
1661 2360 1816 2385 accenso
1837 2349 2031 2385 consulum

287 2399 327 2433 id
352 2399 635 2444 pronuntiante)
657 2400 668 2445 ΙΙ
695 2402 738 2433 22
751 2410 800 2444 sq.
831 2399 885 2442 Of.
911 2399 938 2445 ἕ
963 2401 985 2433 5
1011 2399 1022 2443 ΙΙ
1045 2401 1096 2434 ,26
1124 2399 1177 2442 Cf.
1204 2398 1230 2445 5
1255 2401 1302 2433 94

408 2521 425 2552 1
441 2529 489 2561 sq.
512 2517 675 2553 salutare
695 2516 888 2561 quesierit:
909 2527 990 2553 corr
1004 2518 1098 2553 Laet
1118 2518 1123 2562 Ι
1145 2516 1264 2562 poplo
1292 2517 1356 2551 -R-
1378 2516 1506 2561 qritifi·
1528 2520 1560 2552 et
1577 2514 1689 2561 popii
1710 2514 1773 2549 ·R-
1796 2515 1927 2560 qritifi:
1948 2518 2030 2551 corr

288 2566 505 2601 Brissonius
530 2577 558 2600 e.
585 2566 633 2600 al.
659 2566 670 2611 ΙΙ
696 2569 776 2610 489.
799 2575 837 2599 se
863 2564 895 2599 si
919 2564 1050 2599 uerbo:
1077 2575 1158 2601 corr
1169 2564 1278 2610 Sciop
1300 2565 1305 2609 Ι
1327 2564 1416 2599 dare
1439 2563 1585 2599 Gronov
1607 2564 1611 2607 Ι
1633 2564 1746 2598 uocat
1769 2562 1920 2598 Inlicifi-
1946 2562 2031 2598 Huc

288 2613 336 2647 ad
362 2624 421 2647 me
446 2616 516 2658 pco
542 2613 553 2657 ΙΙ
579 2616 599 2647 6
625 2612 815 2659 vocat<o>
842 2613 1193 2647 Erum-Mommsen
1218 2613 1315 2657 (item
1342 2614 1398 2648 12.
1426 2614 1471 2647 14
1495 2615 1529 2646 et
1552 2622 1636 2646 mox
1660 2611 1872 2655 unguentor
1890 2631 1934 2636 ——
1954 2621 2030 2645 sor-

286 2660 431 2695 tiuntor
450 2681 495 2686 —
514 2659 652 2695 habeto
678 2664 711 2695 et
728 2660 755 2706 ᾗ
775 2662 826 2694 88
845 2659 979 2695 dicito:
1005 2658 1044 2695 C.
1071 2659 1157 2705 [pro
1177 2659 1271 2694 dicit
1294 2658 1380 2706 hoc]
1400 2663 1435 2695 et
1452 2658 1649 2703 eloquitor)
1672 2659 1676 2703 Ι
1698 2659 1785 2703 post
1809 2657 1902 2692 eade
1948 2657 1999 2692 ris
2018 2658 2031 2703 ss

290 2711 308 2742 7
335 2707 424 2743 licet
452 2709 456 2753 Ι
485 2706 714 2754 censor(es>
741 2707 802 2752 Sp.
828 2708 839 2752 Η
865 2711 885 2742 9
912 2706 1153 2752 sortjtjuntur
1179 2708 1303 2752 (prius
1326 2706 1354 2751 tj
1382 2707 1525 2742 lineolis
1549 2706 1605 2741 del
1629 2717 1672 2740 m.
1700 2708 1726 2741 2
1749 2709 1792 2740 ut
1813 2705 1889 2750 vid)
1975 2709 2032 2740 ost

287 2755 405 2789 faciat
429 2757 517 2799 (non
542 2754 685 2789 factum
704 2756 773 2800 est)
800 2755 882 2790 dist.
905 2755 996 2790 Mue
1020 2755 1031 2799 ΙΙ
1058 2757 1099 2788 11
1128 2753 1306 2790 exercitui
1325 2754 1387 2798 Sp.
1414 2755 1424 2799 ΙΙ
1452 2757 1494 2788 12
1519 2765 1551 2789 v.
1572 2753 1622 2789 ad
1641 2755 1665 2788 6
1689 2754 1700 2798 ΙΙ
1726 2755 1771 2787 14
1797 2751 1856 2786 -Ο-
1883 2752 2029 2797 calpur-

286 2803 407 2837 nicos:
434 2812 514 2838 corr
527 2802 647 2846 Sciop,
672 2803 745 2837 dist
763 2802 855 2837 Mue
880 2802 968 2837 duee
992 2801 1138 2837 Gronov
1163 2802 1174 2846 ΙΙ
1201 2805 1244 2836 18
1270 2802 1326 2837 del
1345 2802 1421 2836 Αἶά
1451 2802 1456 2846 Ι
1487 2805 1572 2837 ante
1598 2802 1689 2844 (non
1707 2803 1806 2845 post)
1838 2799 1932 2834 haec
1957 2800 2031 2835 dist

289 2850 408 2885 Canal
444 2851 455 2895 Η
494 2853 536 2884 19
563 2849 641 2885 ide:
673 2860 754 2885 corr
767 2850 865 2884 Bent
890 2851 937 2893 (v.
964 2852 1055 2893 test.)
1092 2850 1096 2893 Ι
1130 2849 1187 2884 del
1211 2849 1304 2884 Laet
1338 2850 1342 2893 Ι
1377 2849 1425 2883 ad
1450 2859 1616 2883 censum:
1643 2858 1723 2883 corr
1742 2847 1837 2882 Laet
1872 2847 1882 2891 Η
1920 2849 1965 2880 20
1977 2858 2027 2891 sq.

288 2896 469 2943 comendis.
503 2898 508 2940 Ι
541 2897 618 2932 add
642 2897 744 2931 Turn
780 2898 791 2942 Η
829 2899 872 2931 23
900 2895 1089 2931 suiscribit
1122 2896 1194 2942 (sui
1230 2896 1371 2932 lineolis
1401 2896 1459 2931 del
1488 2907 1533 2930 m.
1559 2898 1586 2931 2
1608 2899 1651 2930 ut
1673 2894 1748 2939 vid)
1783 2895 1788 2938 Ι
1821 2895 1890 2929 secl
1915 2894 1995 2930 Vict
2018 2894 2030 2939 ΙΙ

288 2948 331 2979 25
345 2955 395 2989 sq.
421 2944 568 2979 horam·
595 2946 694 2979 nona
726 2943 827 2978 circu
859 2954 967 2978 auras
998 2942 1116 2978 mitti:
1155 2954 1298 2979 moeros
1323 2955 1404 2979 corr
1436 2943 1504 2979 Urs
1537 2944 1542 2988 Ι
1576 2941 1726 2977 solitum
1750 2952 1772 2976 v
1805 2941 1810 2987 1
1844 2940 2030 2985 quomodo

286 2991 450 3036 inljcer&
476 2991 503 3036 (1
527 3003 571 3027 ex
595 2992 767 3042 incohata
793 3002 811 3025 c
836 2995 879 3027 ut
901 2990 965 3026 vid
989 2992 1083 3026 inter
1106 2991 1345 3034 scribendum,
1370 3002 1445 3026 ‘non
1469 2989 1497 3034 lj
1523 3001 1568 3025 ex
1590 2991 1629 3034 u)
