<?xml version="1.0" encoding="UTF-8"?>
<!DOCTYPE html PUBLIC "-//W3C//DTD XHTML 1.0 Transitional//EN"
    "http://www.w3.org/TR/xhtml1/DTD/xhtml1-transitional.dtd">
<html xmlns="http://www.w3.org/1999/xhtml" xml:lang="en" lang="en">
 <head>
  <title>
</title>
<meta http-equiv="Content-Type" content="text/html;charset=utf-8" />
  <meta name='ocr-system' content='tesseract 3.04.00' />
  <meta name='ocr-capabilities' content='ocr_page ocr_carea ocr_par ocr_line ocrx_word'/>
</head>
<body>
  <div class='ocr_page' id='page_1' title='image "./marcusdelingua00varruoft_0183.png"; bbox 0 0 2176 3386; ppageno 0'>
   <div class='ocr_carea' id='block_1_1' title="bbox 5 368 21 650">
    <p class='ocr_par' dir='ltr' id='par_1_1' title="bbox 5 368 21 650">
     <span class='ocr_line' id='line_1_1' title="bbox 5 368 21 650; textangle 90"><span class='ocrx_word' id='word_1_1' title='bbox 10 609 16 650; x_wconf 84' lang='grc'>.,.</span> <span class='ocrx_word' id='word_1_2' title='bbox 5 473 20 595; x_wconf 38' lang='grc' dir='ltr'>,ιθ-,Ὗ</span> <span class='ocrx_word' id='word_1_3' title='bbox 7 395 14 441; x_wconf 39' lang='grc' dir='ltr'>ω-</span> <span class='ocrx_word' id='word_1_4' title='bbox 10 368 21 379; x_wconf 79' lang='lat' dir='ltr'>r</span> 
     </span>
    </p>
   </div>
   <div class='ocr_carea' id='block_1_2' title="bbox 0 2677 7 2794">
    <p class='ocr_par' dir='ltr' id='par_1_2' title="bbox 0 2634 7 2794">
     <span class='ocr_line' id='line_1_2' title="bbox 0 2677 7 2794; baseline 0 -40"><span class='ocrx_word' id='word_1_5' title='bbox 0 2677 7 2794; x_wconf 39' lang='grc' dir='ltr'>,ι</span> 
     </span>
    </p>
   </div>
   <div class='ocr_carea' id='block_1_3' title="bbox 0 2822 30 3386">
    <p class='ocr_par' dir='ltr' id='par_1_3' title="bbox 0 2822 30 3386">
     <span class='ocr_line' id='line_1_3' title="bbox 0 2822 30 3386; baseline 0 0"><span class='ocrx_word' id='word_1_6' title='bbox 0 2822 30 3386; x_wconf 95' lang='lat' dir='ltr'> </span> 
     </span>
    </p>
   </div>
   <div class='ocr_carea' id='block_1_4' title="bbox 649 737 1405 906">
    <p class='ocr_par' dir='ltr' id='par_1_4' title="bbox 649 737 1405 906">
     <span class='ocr_line' id='line_1_4' title="bbox 778 737 1276 783; baseline 0 -1"><span class='ocrx_word' id='word_1_7' title='bbox 778 739 823 782; x_wconf 76' lang='grc' dir='ltr'>Μ.</span> <span class='ocrx_word' id='word_1_8' title='bbox 849 738 1037 783; x_wconf 78' lang='lat' dir='ltr'><strong>TERENTI</strong></span> <span class='ocrx_word' id='word_1_9' title='bbox 1060 737 1276 783; x_wconf 73' lang='lat' dir='ltr'><strong>VARRONIS</strong></span> 
     </span>
     <span class='ocr_line' id='line_1_5' title="bbox 649 849 1405 906; baseline -0.001 0"><span class='ocrx_word' id='word_1_10' title='bbox 649 851 753 906; x_wconf 89' lang='lat' dir='ltr'>DE</span> <span class='ocrx_word' id='word_1_11' title='bbox 787 849 1078 906; x_wconf 84' lang='lat' dir='ltr'><strong>LINGVA</strong></span> <span class='ocrx_word' id='word_1_12' title='bbox 1109 850 1405 905; x_wconf 85' lang='lat' dir='ltr'><strong>LATINA</strong></span> 
     </span>
    </p>
   </div>
   <div class='ocr_carea' id='block_1_5' title="bbox 726 955 1333 983">
    <p class='ocr_par' dir='ltr' id='par_1_5' title="bbox 726 955 1333 983">
     <span class='ocr_line' id='line_1_6' title="bbox 726 955 1333 983; baseline 0 -1"><span class='ocrx_word' id='word_1_13' title='bbox 726 955 854 982; x_wconf 73' lang='lat' dir='ltr'>LIBER</span> <span class='ocrx_word' id='word_1_14' title='bbox 872 956 936 982; x_wconf 81' lang='lat' dir='ltr'>V11</span> <span class='ocrx_word' id='word_1_15' title='bbox 954 955 1157 983; x_wconf 76' lang='lat' dir='ltr'>EXPLICIT.</span> <span class='ocrx_word' id='word_1_16' title='bbox 1176 955 1333 982; x_wconf 68' lang='lat' dir='ltr'>monn·</span> 
     </span>
    </p>
   </div>
   <div class='ocr_carea' id='block_1_6' title="bbox 406 1054 1657 1213">
    <p class='ocr_par' dir='ltr' id='par_1_6' title="bbox 406 1054 1657 1213">
     <span class='ocr_line' id='line_1_7' title="bbox 816 1054 1235 1105; baseline 0 -1"><span class='ocrx_word' id='word_1_17' title='bbox 816 1054 1052 1105; x_wconf 90' lang='lat' dir='ltr'>LIBER</span> <span class='ocrx_word' id='word_1_18' title='bbox 1088 1055 1235 1104; x_wconf 88' lang='lat' dir='ltr'><strong>VIII</strong></span> 
     </span>
     <span class='ocr_line' id='line_1_8' title="bbox 406 1168 1657 1213; baseline -0.001 -8"><span class='ocrx_word' id='word_1_19' title='bbox 406 1169 536 1213; x_wconf 82' lang='lat' dir='ltr'><strong>QUAE</strong></span> <span class='ocrx_word' id='word_1_20' title='bbox 563 1169 815 1206; x_wconf 81' lang='lat' dir='ltr'><strong>DICANTUR</strong></span> <span class='ocrx_word' id='word_1_21' title='bbox 840 1169 937 1206; x_wconf 68' lang='grc' dir='ltr'>ουκ</span> <span class='ocrx_word' id='word_1_22' title='bbox 963 1169 1067 1206; x_wconf 84' lang='lat' dir='ltr'>NON</span> <span class='ocrx_word' id='word_1_23' title='bbox 1093 1170 1167 1206; x_wconf 80' lang='lat' dir='ltr'>srr</span> <span class='ocrx_word' id='word_1_24' title='bbox 1194 1169 1447 1206; x_wconf 80' lang='lat' dir='ltr'><strong>ANALOGIA</strong></span> <span class='ocrx_word' id='word_1_25' title='bbox 1471 1168 1616 1204; x_wconf 80' lang='lat' dir='ltr'><strong>LIBER</strong></span> <span class='ocrx_word' id='word_1_26' title='bbox 1640 1169 1657 1204; x_wconf 94' lang='lat'>1</span> 
     </span>
    </p>
   </div>
   <div class='ocr_carea' id='block_1_7' title="bbox 274 1278 1908 1336">
    <p class='ocr_par' dir='ltr' id='par_1_7' title="bbox 274 1278 1908 1336">
     <span class='ocr_line' id='line_1_9' title="bbox 274 1278 1908 1336; baseline -0.001 -13"><span class='ocrx_word' id='word_1_27' title='bbox 274 1281 310 1322; x_wconf 90' lang='lat'>1.</span> <span class='ocrx_word' id='word_1_28' title='bbox 360 1293 492 1336; x_wconf 92' lang='lat' dir='ltr'>quom</span> <span class='ocrx_word' id='word_1_29' title='bbox 537 1280 674 1323; x_wconf 75' lang='lat' dir='ltr'>oratio</span> <span class='ocrx_word' id='word_1_30' title='bbox 717 1282 873 1322; x_wconf 68' lang='lat' dir='ltr'>natura</span> <span class='ocrx_word' id='word_1_31' title='bbox 915 1279 1133 1336; x_wconf 63' lang='lat' dir='ltr'>tripertita</span> <span class='ocrx_word' id='word_1_32' title='bbox 1175 1282 1306 1335; x_wconf 73' lang='lat' dir='ltr'>esset,</span> <span class='ocrx_word' id='word_1_33' title='bbox 1355 1281 1404 1322; x_wconf 69' lang='lat' dir='ltr'>ui:</span> <span class='ocrx_word' id='word_1_34' title='bbox 1448 1278 1741 1334; x_wconf 82' lang='lat' dir='ltr'>superioribus</span> <span class='ocrx_word' id='word_1_35' title='bbox 1784 1278 1908 1322; x_wconf 83' lang='lat' dir='ltr'>libris</span> 
     </span>
    </p>
   </div>
   <div class='ocr_carea' id='block_1_8' title="bbox 148 1349 1912 1407">
    <p class='ocr_par' dir='ltr' id='par_1_8' title="bbox 148 1349 1912 1407">
     <span class='ocr_line' id='line_1_10' title="bbox 148 1349 1912 1407; baseline -0.002 -12"><span class='ocrx_word' id='word_1_36' title='bbox 148 1351 335 1407; x_wconf 72' lang='lat' dir='ltr'>ostendi,</span> <span class='ocrx_word' id='word_1_37' title='bbox 376 1352 498 1394; x_wconf 79' lang='lat' dir='ltr'>cuius</span> <span class='ocrx_word' id='word_1_38' title='bbox 529 1350 669 1407; x_wconf 80' lang='lat' dir='ltr'>prima</span> <span class='ocrx_word' id='word_1_39' title='bbox 699 1365 818 1406; x_wconf 80' lang='lat' dir='ltr'>pars,</span> <span class='ocrx_word' id='word_1_40' title='bbox 859 1351 1221 1407; x_wconf 83' lang='lat' dir='ltr'>quemadmodum</span> <span class='ocrx_word' id='word_1_41' title='bbox 1252 1350 1462 1394; x_wconf 80' lang='lat' dir='ltr'>voeabula</span> <span class='ocrx_word' id='word_1_42' title='bbox 1498 1350 1626 1393; x_wconf 83' lang='lat' dir='ltr'>rebus</span> <span class='ocrx_word' id='word_1_43' title='bbox 1661 1352 1804 1393; x_wconf 74' lang='lat' dir='ltr'>essent</span> <span class='ocrx_word' id='word_1_44' title='bbox 1834 1349 1912 1392; x_wconf 91' lang='lat' dir='ltr'>im-</span> 
     </span>
    </p>
   </div>
   <div class='ocr_carea' id='block_1_9' title="bbox 111 1421 1910 1624">
    <p class='ocr_par' dir='ltr' id='par_1_9' title="bbox 111 1421 1910 1624">
     <span class='ocr_line' id='line_1_11' title="bbox 146 1421 1910 1482; baseline -0.002 -15"><span class='ocrx_word' id='word_1_45' title='bbox 146 1425 301 1482; x_wconf 72' lang='lat' dir='ltr'>posita,</span> <span class='ocrx_word' id='word_1_46' title='bbox 334 1423 532 1479; x_wconf 81' lang='lat' dir='ltr'>secunda,</span> <span class='ocrx_word' id='word_1_47' title='bbox 570 1437 655 1479; x_wconf 91' lang='lat' dir='ltr'>quo</span> <span class='ocrx_word' id='word_1_48' title='bbox 680 1424 809 1480; x_wconf 75' lang='lat' dir='ltr'>pacto</span> <span class='ocrx_word' id='word_1_49' title='bbox 836 1423 888 1465; x_wconf 83' lang='lat' dir='ltr'>de</span> <span class='ocrx_word' id='word_1_50' title='bbox 913 1422 981 1465; x_wconf 80' lang='lat' dir='ltr'>his</span> <span class='ocrx_word' id='word_1_51' title='bbox 1008 1422 1221 1465; x_wconf 76' lang='lat' dir='ltr'>declinata</span> <span class='ocrx_word' id='word_1_52' title='bbox 1245 1423 1291 1465; x_wconf 89' lang='lat' dir='ltr'>in</span> <span class='ocrx_word' id='word_1_53' title='bbox 1323 1421 1572 1465; x_wconf 81' lang='lat' dir='ltr'>discrimina</span> <span class='ocrx_word' id='word_1_54' title='bbox 1596 1421 1739 1477; x_wconf 74' lang='lat' dir='ltr'>ierint,</span> <span class='ocrx_word' id='word_1_55' title='bbox 1770 1421 1910 1476; x_wconf 76' lang='lat' dir='ltr'>tertia,</span> 
     </span>
     <span class='ocr_line' id='line_1_12' title="bbox 147 1494 1910 1550; baseline -0.002 -11"><span class='ocrx_word' id='word_1_56' title='bbox 147 1499 196 1539; x_wconf 72' lang='lat' dir='ltr'>ut</span> <span class='ocrx_word' id='word_1_57' title='bbox 227 1510 277 1539; x_wconf 81' lang='lat' dir='ltr'>ea</span> <span class='ocrx_word' id='word_1_58' title='bbox 308 1496 423 1539; x_wconf 80' lang='lat' dir='ltr'>inter</span> <span class='ocrx_word' id='word_1_59' title='bbox 453 1510 499 1538; x_wconf 82' lang='lat' dir='ltr'>se</span> <span class='ocrx_word' id='word_1_60' title='bbox 529 1495 695 1538; x_wconf 75' lang='lat' dir='ltr'>ratione</span> <span class='ocrx_word' id='word_1_61' title='bbox 726 1495 957 1537; x_wconf 72' lang='lat' dir='ltr'>coniuncta</span> <span class='ocrx_word' id='word_1_62' title='bbox 988 1495 1245 1537; x_wconf 71' lang='lat' dir='ltr'>sententiam</span> <span class='ocrx_word' id='word_1_63' title='bbox 1285 1494 1480 1549; x_wconf 67' lang='lat' dir='ltr'>efferant,</span> <span class='ocrx_word' id='word_1_64' title='bbox 1516 1494 1657 1550; x_wconf 84' lang='lat' dir='ltr'>prima</span> <span class='ocrx_word' id='word_1_65' title='bbox 1687 1496 1808 1549; x_wconf 78' lang='lat' dir='ltr'>parte</span> <span class='ocrx_word' id='word_1_66' title='bbox 1841 1509 1910 1536; x_wconf 85' lang='lat' dir='ltr'>ex-</span> 
     </span>
     <span class='ocr_line' id='line_1_13' title="bbox 111 1565 1910 1624; baseline -0.002 -13"><span class='ocrx_word' id='word_1_67' title='bbox 111 1583 128 1611; x_wconf 81' lang='lat'><strong>⁶</strong></span> <span class='ocrx_word' id='word_1_68' title='bbox 147 1568 290 1624; x_wconf 78' lang='lat' dir='ltr'>posita</span> <span class='ocrx_word' id='word_1_69' title='bbox 321 1567 373 1611; x_wconf 82' lang='lat' dir='ltr'>de</span> <span class='ocrx_word' id='word_1_70' title='bbox 410 1566 595 1611; x_wconf 81' lang='lat' dir='ltr'>secunda</span> <span class='ocrx_word' id='word_1_71' title='bbox 627 1566 831 1623; x_wconf 84' lang='lat' dir='ltr'>incipiam</span> <span class='ocrx_word' id='word_1_72' title='bbox 862 1565 975 1609; x_wconf 84' lang='lat' dir='ltr'>hinc.</span> <span class='ocrx_word' id='word_1_73' title='bbox 1031 1569 1081 1609; x_wconf 77' lang='lat' dir='ltr'>ut</span> <span class='ocrx_word' id='word_1_74' title='bbox 1118 1580 1312 1623; x_wconf 81' lang='lat' dir='ltr'>propago</span> <span class='ocrx_word' id='word_1_75' title='bbox 1351 1566 1491 1608; x_wconf 84' lang='lat' dir='ltr'>omnis</span> <span class='ocrx_word' id='word_1_76' title='bbox 1530 1567 1682 1608; x_wconf 76' lang='lat' dir='ltr'>natura</span> <span class='ocrx_word' id='word_1_77' title='bbox 1714 1565 1910 1619; x_wconf 85' lang='lat' dir='ltr'>secunda,</span> 
     </span>
    </p>
   </div>
   <div class='ocr_carea' id='block_1_10' title="bbox 148 1636 1911 1696">
    <p class='ocr_par' dir='ltr' id='par_1_10' title="bbox 148 1636 1911 1696">
     <span class='ocr_line' id='line_1_14' title="bbox 148 1636 1911 1696; baseline -0.002 -14"><span class='ocrx_word' id='word_1_78' title='bbox 148 1639 263 1696; x_wconf 88' lang='lat' dir='ltr'>quod</span> <span class='ocrx_word' id='word_1_79' title='bbox 293 1639 415 1695; x_wconf 80' lang='lat' dir='ltr'>prius</span> <span class='ocrx_word' id='word_1_80' title='bbox 447 1639 556 1682; x_wconf 85' lang='lat' dir='ltr'>illud</span> <span class='ocrx_word' id='word_1_81' title='bbox 586 1641 770 1694; x_wconf 74' lang='lat' dir='ltr'>rectum,</span> <span class='ocrx_word' id='word_1_82' title='bbox 802 1638 915 1680; x_wconf 84' lang='lat' dir='ltr'>unde</span> <span class='ocrx_word' id='word_1_83' title='bbox 947 1651 1013 1694; x_wconf 81' lang='lat' dir='ltr'>ea,</span> <span class='ocrx_word' id='word_1_84' title='bbox 1051 1638 1112 1680; x_wconf 84' lang='lat' dir='ltr'>sic</span> <span class='ocrx_word' id='word_1_85' title='bbox 1145 1638 1375 1681; x_wconf 77' lang='lat' dir='ltr'>declinata:</span> <span class='ocrx_word' id='word_1_86' title='bbox 1415 1637 1564 1692; x_wconf 71' lang='lat' dir='ltr'>itaque</span> <span class='ocrx_word' id='word_1_87' title='bbox 1596 1636 1836 1680; x_wconf 74' lang='lat' dir='ltr'>declinatur</span> <span class='ocrx_word' id='word_1_88' title='bbox 1866 1637 1911 1679; x_wconf 90' lang='lat' dir='ltr'>in</span> 
     </span>
    </p>
   </div>
   <div class='ocr_carea' id='block_1_11' title="bbox 146 1708 1908 1766">
    <p class='ocr_par' dir='ltr' id='par_1_11' title="bbox 146 1708 1908 1766">
     <span class='ocr_line' id='line_1_15' title="bbox 146 1708 1908 1766; baseline -0.001 -12"><span class='ocrx_word' id='word_1_89' title='bbox 146 1710 306 1754; x_wconf 82' lang='lat' dir='ltr'>verbis:</span> <span class='ocrx_word' id='word_1_90' title='bbox 340 1713 506 1755; x_wconf 74' lang='lat' dir='ltr'>rectum</span> <span class='ocrx_word' id='word_1_91' title='bbox 532 1711 676 1766; x_wconf 87' lang='lat' dir='ltr'>homo,</span> <span class='ocrx_word' id='word_1_92' title='bbox 709 1709 935 1766; x_wconf 91' lang='lat' dir='ltr'>obliquum</span> <span class='ocrx_word' id='word_1_93' title='bbox 961 1709 1162 1766; x_wconf 82' lang='lat' dir='ltr'>hominis,</span> <span class='ocrx_word' id='word_1_94' title='bbox 1194 1709 1311 1766; x_wconf 88' lang='lat' dir='ltr'>quod</span> <span class='ocrx_word' id='word_1_95' title='bbox 1342 1709 1606 1752; x_wconf 77' lang='lat' dir='ltr'>declinatum</span> <span class='ocrx_word' id='word_1_96' title='bbox 1632 1723 1657 1750; x_wconf 81' lang='lat' dir='ltr'><strong>a</strong></span> <span class='ocrx_word' id='word_1_97' title='bbox 1682 1711 1813 1753; x_wconf 63' lang='lat' dir='ltr'>recto.</span> <span class='ocrx_word' id='word_1_98' title='bbox 1856 1708 1908 1752; x_wconf 87' lang='lat' dir='ltr'>de</span> 
     </span>
    </p>
   </div>
   <div class='ocr_carea' id='block_1_12' title="bbox 94 1780 1912 2053">
    <p class='ocr_par' dir='ltr' id='par_1_12' title="bbox 94 1780 1912 2053">
     <span class='ocr_line' id='line_1_16' title="bbox 146 1780 1912 1839; baseline -0.002 -13"><span class='ocrx_word' id='word_1_99' title='bbox 146 1782 327 1826; x_wconf 81' lang='lat' dir='ltr'>huiusce</span> <span class='ocrx_word' id='word_1_100' title='bbox 364 1781 596 1839; x_wconf 75' lang='lat' dir='ltr'>multiplici</span> <span class='ocrx_word' id='word_1_101' title='bbox 632 1784 787 1825; x_wconf 77' lang='lat' dir='ltr'>natura</span> <span class='ocrx_word' id='word_1_102' title='bbox 825 1781 1121 1824; x_wconf 82' lang='lat' dir='ltr'>discriminum</span> <span class='ocrx_word' id='word_1_103' title='bbox 1152 1796 1253 1824; x_wconf 84' lang='lat' dir='ltr'>orae</span> <span class='ocrx_word' id='word_1_104' title='bbox 1290 1783 1392 1824; x_wconf 74' lang='lat' dir='ltr'>sunt</span> <span class='ocrx_word' id='word_1_105' title='bbox 1428 1780 1528 1837; x_wconf 79' lang='lat' dir='ltr'>hae,</span> <span class='ocrx_word' id='word_1_106' title='bbox 1569 1795 1645 1823; x_wconf 84' lang='lat' dir='ltr'>eur</span> <span class='ocrx_word' id='word_1_107' title='bbox 1676 1783 1719 1824; x_wconf 76' lang='lat' dir='ltr'>et</span> <span class='ocrx_word' id='word_1_108' title='bbox 1750 1795 1836 1836; x_wconf 89' lang='lat' dir='ltr'>quo</span> <span class='ocrx_word' id='word_1_109' title='bbox 1868 1783 1912 1823; x_wconf 79' lang='lat' dir='ltr'>et</span> 
     </span>
     <span class='ocr_line' id='line_1_17' title="bbox 148 1851 1911 1910; baseline -0.002 -13"><span class='ocrx_word' id='word_1_110' title='bbox 148 1853 508 1910; x_wconf 81' lang='lat' dir='ltr'>quemadmodum</span> <span class='ocrx_word' id='word_1_111' title='bbox 535 1854 580 1897; x_wconf 87' lang='lat' dir='ltr'>in</span> <span class='ocrx_word' id='word_1_112' title='bbox 605 1853 822 1910; x_wconf 84' lang='lat' dir='ltr'>loquendo</span> <span class='ocrx_word' id='word_1_113' title='bbox 849 1853 1064 1896; x_wconf 75' lang='lat' dir='ltr'>declinata</span> <span class='ocrx_word' id='word_1_114' title='bbox 1089 1856 1190 1896; x_wconf 68' lang='lat' dir='ltr'>sunt.</span> <span class='ocrx_word' id='word_1_115' title='bbox 1214 1853 1357 1896; x_wconf 80' lang='lat' dir='ltr'>verba.</span> <span class='ocrx_word' id='word_1_116' title='bbox 1397 1853 1449 1895; x_wconf 82' lang='lat' dir='ltr'>de</span> <span class='ocrx_word' id='word_1_117' title='bbox 1476 1852 1634 1909; x_wconf 81' lang='lat' dir='ltr'>quibus</span> <span class='ocrx_word' id='word_1_118' title='bbox 1660 1851 1746 1895; x_wconf 89' lang='lat' dir='ltr'>duo</span> <span class='ocrx_word' id='word_1_119' title='bbox 1771 1852 1911 1909; x_wconf 82' lang='lat' dir='ltr'>prima</span> 
     </span>
     <span class='ocr_line' id='line_1_18' title="bbox 94 1924 1910 1982; baseline -0.001 -14"><span class='ocrx_word' id='word_1_120' title='bbox 94 1942 129 1968; x_wconf 84' lang='grc' dir='ltr'>ιο</span> <span class='ocrx_word' id='word_1_121' title='bbox 149 1925 314 1969; x_wconf 79' lang='lat' dir='ltr'>duabus</span> <span class='ocrx_word' id='word_1_122' title='bbox 341 1926 481 1969; x_wconf 79' lang='lat' dir='ltr'>causis</span> <span class='ocrx_word' id='word_1_123' title='bbox 506 1939 754 1982; x_wconf 84' lang='lat' dir='ltr'>percurram</span> <span class='ocrx_word' id='word_1_124' title='bbox 779 1924 979 1978; x_wconf 76' lang='lat' dir='ltr'>breviter,</span> <span class='ocrx_word' id='word_1_125' title='bbox 1006 1925 1123 1981; x_wconf 92' lang='lat' dir='ltr'>quod</span> <span class='ocrx_word' id='word_1_126' title='bbox 1147 1928 1191 1968; x_wconf 73' lang='lat' dir='ltr'>et</span> <span class='ocrx_word' id='word_1_127' title='bbox 1214 1927 1322 1980; x_wconf 72' lang='lat' dir='ltr'>tum,</span> <span class='ocrx_word' id='word_1_128' title='bbox 1347 1940 1445 1969; x_wconf 81' lang='lat' dir='ltr'>cum</span> <span class='ocrx_word' id='word_1_129' title='bbox 1466 1924 1517 1967; x_wconf 85' lang='lat' dir='ltr'>de</span> <span class='ocrx_word' id='word_1_130' title='bbox 1537 1924 1662 1980; x_wconf 84' lang='lat' dir='ltr'>copia</span> <span class='ocrx_word' id='word_1_131' title='bbox 1681 1924 1910 1967; x_wconf 86' lang='lat' dir='ltr'>verborum</span> 
     </span>
     <span class='ocr_line' id='line_1_19' title="bbox 147 1995 1911 2053; baseline -0.001 -13"><span class='ocrx_word' id='word_1_132' title='bbox 147 1997 344 2053; x_wconf 81' lang='lat' dir='ltr'>scribam,</span> <span class='ocrx_word' id='word_1_133' title='bbox 383 1998 465 2040; x_wconf 76' lang='lat' dir='ltr'>erit</span> <span class='ocrx_word' id='word_1_134' title='bbox 494 1997 815 2041; x_wconf 74' lang='lat' dir='ltr'>retraetandum</span> <span class='ocrx_word' id='word_1_135' title='bbox 848 1999 891 2039; x_wconf 77' lang='lat' dir='ltr'>et</span> <span class='ocrx_word' id='word_1_136' title='bbox 922 1997 1039 2052; x_wconf 86' lang='lat' dir='ltr'>quod</span> <span class='ocrx_word' id='word_1_137' title='bbox 1070 1996 1122 2039; x_wconf 86' lang='lat' dir='ltr'>de</span> <span class='ocrx_word' id='word_1_138' title='bbox 1153 1997 1294 2040; x_wconf 75' lang='lat' dir='ltr'>tribus</span> <span class='ocrx_word' id='word_1_139' title='bbox 1324 1997 1501 2040; x_wconf 73' lang='lat' dir='ltr'>tertium</span> <span class='ocrx_word' id='word_1_140' title='bbox 1535 1995 1652 2051; x_wconf 88' lang='lat' dir='ltr'>quod</span> <span class='ocrx_word' id='word_1_141' title='bbox 1683 1998 1749 2038; x_wconf 74' lang='lat' dir='ltr'>est</span> <span class='ocrx_word' id='word_1_142' title='bbox 1780 1996 1911 2039; x_wconf 75' lang='lat' dir='ltr'>habet</span> 
     </span>
    </p>
   </div>
   <div class='ocr_carea' id='block_1_13' title="bbox 147 2068 990 2126">
    <p class='ocr_par' dir='ltr' id='par_1_13' title="bbox 147 2068 990 2126">
     <span class='ocr_line' id='line_1_20' title="bbox 147 2068 990 2126; baseline 0 -15"><span class='ocrx_word' id='word_1_143' title='bbox 147 2083 246 2111; x_wconf 82' lang='lat' dir='ltr'>suas</span> <span class='ocrx_word' id='word_1_144' title='bbox 277 2068 514 2124; x_wconf 70' lang='lat' dir='ltr'>permultas</span> <span class='ocrx_word' id='word_1_145' title='bbox 546 2083 595 2111; x_wconf 84' lang='lat' dir='ltr'>ac</span> <span class='ocrx_word' id='word_1_146' title='bbox 625 2082 802 2126; x_wconf 79' lang='lat' dir='ltr'>magnas</span> <span class='ocrx_word' id='word_1_147' title='bbox 834 2071 990 2124; x_wconf 78' lang='lat' dir='ltr'>partes.</span> 
     </span>
    </p>
   </div>
   <div class='ocr_carea' id='block_1_14' title="bbox 216 2167 434 2170">
    <p class='ocr_par' dir='ltr' id='par_1_14' title="bbox 216 2167 434 2170">
     <span class='ocr_line' id='line_1_21' title="bbox 216 2167 434 2170; baseline 0 0"><span class='ocrx_word' id='word_1_148' title='bbox 216 2167 434 2170; x_wconf 95' lang='lat' dir='ltr'> </span> 
     </span>
    </p>
   </div>
   <div class='ocr_carea' id='block_1_15' title="bbox 146 2218 1911 2425">
    <p class='ocr_par' dir='ltr' id='par_1_15' title="bbox 146 2218 1910 2425">
     <span class='ocr_line' id='line_1_22' title="bbox 269 2218 1905 2280; baseline -0.001 -11"><span class='ocrx_word' id='word_1_149' title='bbox 269 2238 286 2269; x_wconf 90' lang='lat'>1</span> <span class='ocrx_word' id='word_1_150' title='bbox 303 2218 424 2277; x_wconf 89' lang='lat' dir='ltr'>Quom</span> <span class='ocrx_word' id='word_1_151' title='bbox 441 2234 539 2270; x_wconf 74' lang='lat' dir='ltr'>ratio</span> <span class='ocrx_word' id='word_1_152' title='bbox 560 2233 604 2280; x_wconf 89' lang='lat' dir='ltr'>(Q</span> <span class='ocrx_word' id='word_1_153' title='bbox 618 2237 805 2277; x_wconf 76' lang='lat' dir='ltr'>exornato,</span> <span class='ocrx_word' id='word_1_154' title='bbox 824 2246 863 2269; x_wconf 94' lang='grc' dir='ltr'>ιιι</span> <span class='ocrx_word' id='word_1_155' title='bbox 880 2245 1016 2270; x_wconf 84' lang='lat' dir='ltr'>rasura</span> <span class='ocrx_word' id='word_1_156' title='bbox 1029 2237 1061 2269; x_wconf 82' lang='lat' dir='ltr'>et</span> <span class='ocrx_word' id='word_1_157' title='bbox 1079 2234 1195 2269; x_wconf 83' lang='lat' dir='ltr'>litura</span> <span class='ocrx_word' id='word_1_158' title='bbox 1208 2234 1431 2276; x_wconf 87' lang='lat' dir='ltr'>obscurato):</span> <span class='ocrx_word' id='word_1_159' title='bbox 1452 2244 1534 2269; x_wconf 81' lang='lat' dir='ltr'>corr</span> <span class='ocrx_word' id='word_1_160' title='bbox 1543 2233 1639 2269; x_wconf 83' lang='lat' dir='ltr'>Laet</span> <span class='ocrx_word' id='word_1_161' title='bbox 1657 2232 1662 2280; x_wconf 86' lang='grc' dir='ltr'>Ι</span> <span class='ocrx_word' id='word_1_162' title='bbox 1685 2231 1880 2279; x_wconf 70' lang='lat' dir='ltr'>tripertita</span> <span class='ocrx_word' id='word_1_163' title='bbox 1893 2234 1905 2278; x_wconf 73' lang='grc' dir='ltr'>ΙΙ</span> 
     </span>
     <span class='ocr_line' id='line_1_23' title="bbox 148 2280 1911 2327; baseline -0.001 -10"><span class='ocrx_word' id='word_1_164' title='bbox 148 2286 169 2318; x_wconf 81' lang='lat'>8</span> <span class='ocrx_word' id='word_1_165' title='bbox 194 2281 354 2318; x_wconf 77' lang='lat' dir='ltr'>ierunt-·</span> <span class='ocrx_word' id='word_1_166' title='bbox 380 2282 582 2327; x_wconf 78' lang='lat' dir='ltr'>cori-Sciop</span> <span class='ocrx_word' id='word_1_167' title='bbox 607 2281 753 2327; x_wconf 72' lang='lat' dir='ltr'>(fierent</span> <span class='ocrx_word' id='word_1_168' title='bbox 777 2286 812 2318; x_wconf 90' lang='lat' dir='ltr'>et</span> <span class='ocrx_word' id='word_1_169' title='bbox 835 2292 920 2317; x_wconf 66' lang='lat' dir='ltr'>more</span> <span class='ocrx_word' id='word_1_170' title='bbox 945 2280 1121 2317; x_wconf 80' lang='lat' dir='ltr'>efferrent</span> <span class='ocrx_word' id='word_1_171' title='bbox 1140 2281 1201 2327; x_wconf 80' lang='lat' dir='ltr'>Sp.</span> <span class='ocrx_word' id='word_1_172' title='bbox 1193 2309 1221 2325; x_wconf 85' lang='lat'>.‚</span> <span class='ocrx_word' id='word_1_173' title='bbox 1246 2285 1356 2317; x_wconf 81' lang='lat' dir='ltr'>antea</span> <span class='ocrx_word' id='word_1_174' title='bbox 1382 2280 1577 2316; x_wconf 74' lang='lat' dir='ltr'>declinata</span> <span class='ocrx_word' id='word_1_175' title='bbox 1603 2280 1827 2316; x_wconf 76' lang='lat' dir='ltr'>discrimina</span> <span class='ocrx_word' id='word_1_176' title='bbox 1851 2281 1911 2316; x_wconf 87' lang='lat' dir='ltr'>in·-</span> 
     </span>
     <span class='ocr_line' id='line_1_24' title="bbox 146 2328 1910 2376; baseline -0.001 -10"><span class='ocrx_word' id='word_1_177' title='bbox 146 2330 278 2375; x_wconf 79' lang='lat' dir='ltr'>ferens)</span> <span class='ocrx_word' id='word_1_178' title='bbox 310 2331 321 2376; x_wconf 81' lang='grc' dir='ltr'>ΙΙ</span> <span class='ocrx_word' id='word_1_179' title='bbox 354 2333 439 2375; x_wconf 68' lang='lat' dir='ltr'>Osq.</span> <span class='ocrx_word' id='word_1_180' title='bbox 461 2331 571 2376; x_wconf 78' lang='lat' dir='ltr'>prius</span> <span class='ocrx_word' id='word_1_181' title='bbox 595 2330 739 2365; x_wconf 73' lang='lat' dir='ltr'>rectum</span> <span class='ocrx_word' id='word_1_182' title='bbox 769 2330 841 2366; x_wconf 87' lang='lat' dir='ltr'>secl</span> <span class='ocrx_word' id='word_1_183' title='bbox 864 2329 926 2375; x_wconf 92' lang='lat' dir='ltr'>S.</span> <span class='ocrx_word' id='word_1_184' title='bbox 920 2357 946 2373; x_wconf 90' lang='lat'>.,</span> <span class='ocrx_word' id='word_1_185' title='bbox 978 2330 1044 2365; x_wconf 84' lang='lat' dir='ltr'>ubi</span> <span class='ocrx_word' id='word_1_186' title='bbox 1068 2333 1153 2365; x_wconf 89' lang='lat' dir='ltr'>ante</span> <span class='ocrx_word' id='word_1_187' title='bbox 1178 2330 1332 2365; x_wconf 86' lang='lat' dir='ltr'>alterum</span> <span class='ocrx_word' id='word_1_188' title='bbox 1357 2329 1598 2365; x_wconf 75' lang='lat' dir='ltr'>distinximus</span> <span class='ocrx_word' id='word_1_189' title='bbox 1622 2340 1707 2364; x_wconf 86' lang='lat' dir='ltr'>cum</span> <span class='ocrx_word' id='word_1_190' title='bbox 1735 2328 1874 2365; x_wconf 80' lang='lat' dir='ltr'><strong><em>Canale</em></strong></span> <span class='ocrx_word' id='word_1_191' title='bbox 1898 2330 1910 2374; x_wconf 87' lang='grc' dir='ltr'>ΙΙ</span> 
     </span>
     <span class='ocr_line' id='line_1_25' title="bbox 149 2375 1910 2425; baseline -0.001 -13"><span class='ocrx_word' id='word_1_192' title='bbox 149 2381 168 2412; x_wconf 77' lang='grc'><strong>7</strong></span> <span class='ocrx_word' id='word_1_193' title='bbox 189 2378 236 2413; x_wconf 82' lang='lat' dir='ltr'>de</span> <span class='ocrx_word' id='word_1_194' title='bbox 254 2388 282 2414; x_wconf 84' lang='lat' dir='ltr'>s.</span> <span class='ocrx_word' id='word_1_195' title='bbox 302 2388 368 2413; x_wconf 87' lang='lat' dir='ltr'>scr.</span> <span class='ocrx_word' id='word_1_196' title='bbox 395 2379 406 2423; x_wconf 91' lang='grc' dir='ltr'>ΙΙ</span> <span class='ocrx_word' id='word_1_197' title='bbox 432 2381 453 2413; x_wconf 93' lang='grc'>8</span> <span class='ocrx_word' id='word_1_198' title='bbox 479 2388 567 2413; x_wconf 79' lang='lat' dir='ltr'>orae</span> <span class='ocrx_word' id='word_1_199' title='bbox 592 2377 717 2413; x_wconf 72' lang='lat' dir='ltr'>multis</span> <span class='ocrx_word' id='word_1_200' title='bbox 734 2382 952 2423; x_wconf 80' lang='lat' dir='ltr'>suspectum,</span> <span class='ocrx_word' id='word_1_201' title='bbox 971 2378 1035 2413; x_wconf 81' lang='lat' dir='ltr'>vix</span> <span class='ocrx_word' id='word_1_202' title='bbox 1053 2381 1144 2413; x_wconf 85' lang='lat' dir='ltr'>recte</span> <span class='ocrx_word' id='word_1_203' title='bbox 1166 2378 1171 2423; x_wconf 91' lang='grc' dir='ltr'>Ι</span> <span class='ocrx_word' id='word_1_204' title='bbox 1195 2376 1292 2425; x_wconf 89' lang='lat' dir='ltr'>&lt;in&gt;</span> <span class='ocrx_word' id='word_1_205' title='bbox 1313 2387 1387 2422; x_wconf 89' lang='lat' dir='ltr'>quo</span> <span class='ocrx_word' id='word_1_206' title='bbox 1406 2388 1428 2413; x_wconf 90' lang='lat' dir='ltr'><strong><em>v</em></strong></span> <span class='ocrx_word' id='word_1_207' title='bbox 1446 2378 1457 2422; x_wconf 89' lang='grc' dir='ltr'>ΙΙ</span> <span class='ocrx_word' id='word_1_208' title='bbox 1485 2380 1592 2422; x_wconf 77' lang='lat' dir='ltr'>9sqq.</span> <span class='ocrx_word' id='word_1_209' title='bbox 1614 2388 1639 2412; x_wconf 84' lang='lat' dir='ltr'><strong><em>a</em></strong></span> <span class='ocrx_word' id='word_1_210' title='bbox 1657 2376 1776 2412; x_wconf 84' lang='lat' dir='ltr'>verbis</span> <span class='ocrx_word' id='word_1_211' title='bbox 1795 2375 1910 2411; x_wconf 88' lang='lat' dir='ltr'>decli-</span> 
     </span>
    </p>
   </div>
   <div class='ocr_carea' id='block_1_16' title="bbox 147 2431 1910 2722">
    <p class='ocr_par' dir='ltr' id='par_1_16' title="bbox 147 2431 1910 2626">
     <span class='ocr_line' id='line_1_26' title="bbox 147 2431 1910 2483; baseline -0.001 -11"><span class='ocrx_word' id='word_1_212' title='bbox 147 2438 238 2472; x_wconf 71' lang='lat' dir='ltr'>nata</span> <span class='ocrx_word' id='word_1_213' title='bbox 263 2440 281 2473; x_wconf 76' lang='grc' dir='ltr'><strong>ἔ</strong></span> <span class='ocrx_word' id='word_1_214' title='bbox 310 2437 386 2473; x_wconf 80' lang='lat' dir='ltr'>uba</span> <span class='ocrx_word' id='word_1_215' title='bbox 412 2437 458 2472; x_wconf 80' lang='lat' dir='ltr'>ds</span> <span class='ocrx_word' id='word_1_216' title='bbox 483 2437 544 2483; x_wconf 83' lang='lat' dir='ltr'>qb;</span> <span class='ocrx_word' id='word_1_217' title='bbox 571 2437 645 2472; x_wconf 90' lang='lat' dir='ltr'>duo</span> <span class='ocrx_word' id='word_1_218' title='bbox 671 2431 760 2483; x_wconf 81' lang='lat' dir='ltr'>pma</span> <span class='ocrx_word' id='word_1_219' title='bbox 786 2437 898 2480; x_wconf 79' lang='lat' dir='ltr'>duab3</span> <span class='ocrx_word' id='word_1_220' title='bbox 924 2441 1079 2473; x_wconf 71' lang='lat' dir='ltr'>extremo</span> <span class='ocrx_word' id='word_1_221' title='bbox 1104 2448 1136 2473; x_wconf 85' lang='lat' dir='ltr'>v.</span> <span class='ocrx_word' id='word_1_222' title='bbox 1161 2438 1309 2482; x_wconf 81' lang='lat' dir='ltr'>scriptis</span> <span class='ocrx_word' id='word_1_223' title='bbox 1333 2447 1445 2482; x_wconf 80' lang='lat' dir='ltr'>usque</span> <span class='ocrx_word' id='word_1_224' title='bbox 1471 2435 1521 2471; x_wconf 85' lang='lat' dir='ltr'>ad</span> <span class='ocrx_word' id='word_1_225' title='bbox 1546 2437 1585 2472; x_wconf 73' lang='lat' dir='ltr'>et</span> <span class='ocrx_word' id='word_1_226' title='bbox 1611 2435 1768 2480; x_wconf 88' lang='lat' dir='ltr'>obliquo</span> <span class='ocrx_word' id='word_1_227' title='bbox 1801 2435 1844 2483; x_wconf 67' lang='lat'>(5</span> <span class='ocrx_word' id='word_1_228' title='bbox 1871 2438 1910 2480; x_wconf 88' lang='grc'>7)</span> 
     </span>
     <span class='ocr_line' id='line_1_27' title="bbox 147 2485 1909 2540; baseline -0.001 -19"><span class='ocrx_word' id='word_1_229' title='bbox 147 2488 181 2520; x_wconf 88' lang='lat' dir='ltr'>et</span> <span class='ocrx_word' id='word_1_230' title='bbox 197 2486 401 2521; x_wconf 76' lang='lat' dir='ltr'>minoribus</span> <span class='ocrx_word' id='word_1_231' title='bbox 420 2485 551 2521; x_wconf 86' lang='lat' dir='ltr'>litteris</span> <span class='ocrx_word' id='word_1_232' title='bbox 569 2489 602 2521; x_wconf 90' lang='lat' dir='ltr'>et</span> <span class='ocrx_word' id='word_1_233' title='bbox 620 2485 895 2540; x_wconf 72' lang='lat' dir='ltr'>anqustioribus</span> <span class='ocrx_word' id='word_1_234' title='bbox 920 2485 1016 2520; x_wconf 88' lang='lat' dir='ltr'>inter</span> <span class='ocrx_word' id='word_1_235' title='bbox 1034 2495 1157 2520; x_wconf 86' lang='lat' dir='ltr'>versus</span> <span class='ocrx_word' id='word_1_236' title='bbox 1174 2485 1309 2530; x_wconf 83' lang='lat' dir='ltr'>spatiis</span> <span class='ocrx_word' id='word_1_237' title='bbox 1335 2485 1509 2528; x_wconf 78' lang='lat' dir='ltr'>(maxime</span> <span class='ocrx_word' id='word_1_238' title='bbox 1534 2485 1576 2520; x_wconf 85' lang='lat' dir='ltr'>in</span> <span class='ocrx_word' id='word_1_239' title='bbox 1601 2488 1764 2520; x_wconf 76' lang='lat' dir='ltr'>extrema</span> <span class='ocrx_word' id='word_1_240' title='bbox 1785 2486 1909 2528; x_wconf 81' lang='lat' dir='ltr'>parte)</span> 
     </span>
     <span class='ocr_line' id='line_1_28' title="bbox 147 2531 1907 2578; baseline -0.001 -10"><span class='ocrx_word' id='word_1_241' title='bbox 147 2537 180 2568; x_wconf 87' lang='lat' dir='ltr'>et</span> <span class='ocrx_word' id='word_1_242' title='bbox 203 2532 432 2578; x_wconf 75' lang='lat' dir='ltr'>frequentius</span> <span class='ocrx_word' id='word_1_243' title='bbox 452 2543 520 2578; x_wconf 78' lang='lat' dir='ltr'>per</span> <span class='ocrx_word' id='word_1_244' title='bbox 537 2532 753 2578; x_wconf 81' lang='lat' dir='ltr'>compendia</span> <span class='ocrx_word' id='word_1_245' title='bbox 771 2537 806 2568; x_wconf 89' lang='lat' dir='ltr'>et</span> <span class='ocrx_word' id='word_1_246' title='bbox 829 2533 871 2568; x_wconf 86' lang='lat' dir='ltr'>in</span> <span class='ocrx_word' id='word_1_247' title='bbox 889 2533 1101 2568; x_wconf 84' lang='lat' dir='ltr'>membrana</span> <span class='ocrx_word' id='word_1_248' title='bbox 1119 2533 1250 2568; x_wconf 80' lang='lat' dir='ltr'>scabra</span> <span class='ocrx_word' id='word_1_249' title='bbox 1269 2536 1302 2568; x_wconf 89' lang='lat' dir='ltr'>et</span> <span class='ocrx_word' id='word_1_250' title='bbox 1325 2532 1467 2578; x_wconf 83' lang='lat' dir='ltr'>scalpta</span> <span class='ocrx_word' id='word_1_251' title='bbox 1494 2532 1562 2576; x_wconf 85' lang='lat' dir='ltr'>(ad</span> <span class='ocrx_word' id='word_1_252' title='bbox 1587 2531 1763 2567; x_wconf 85' lang='lat' dir='ltr'>delendas</span> <span class='ocrx_word' id='word_1_253' title='bbox 1786 2532 1907 2567; x_wconf 84' lang='lat' dir='ltr'>lineas</span> 
     </span>
     <span class='ocr_line' id='line_1_29' title="bbox 147 2578 1910 2626; baseline -0.001 -10"><span class='ocrx_word' id='word_1_254' title='bbox 147 2580 235 2616; x_wconf 82' lang='lat' dir='ltr'>olim</span> <span class='ocrx_word' id='word_1_255' title='bbox 260 2580 390 2616; x_wconf 86' lang='lat' dir='ltr'>ductas</span> <span class='ocrx_word' id='word_1_256' title='bbox 414 2583 456 2615; x_wconf 90' lang='lat' dir='ltr'>ut</span> <span class='ocrx_word' id='word_1_257' title='bbox 480 2579 558 2624; x_wconf 78' lang='lat' dir='ltr'>vid)</span> <span class='ocrx_word' id='word_1_258' title='bbox 584 2581 722 2626; x_wconf 78' lang='lat' dir='ltr'>scripta</span> <span class='ocrx_word' id='word_1_259' title='bbox 740 2585 828 2616; x_wconf 88' lang='lat' dir='ltr'>sunt</span> <span class='ocrx_word' id='word_1_260' title='bbox 847 2581 993 2624; x_wconf 83' lang='lat' dir='ltr'>omnia;</span> <span class='ocrx_word' id='word_1_261' title='bbox 1018 2584 1096 2616; x_wconf 91' lang='lat' dir='ltr'>tum</span> <span class='ocrx_word' id='word_1_262' title='bbox 1115 2580 1188 2616; x_wconf 88' lang='lat' dir='ltr'>duo</span> <span class='ocrx_word' id='word_1_263' title='bbox 1213 2592 1244 2616; x_wconf 85' lang='lat' dir='ltr'>v.</span> <span class='ocrx_word' id='word_1_264' title='bbox 1266 2580 1431 2626; x_wconf 74' lang='lat' dir='ltr'>payinae</span> <span class='ocrx_word' id='word_1_265' title='bbox 1457 2581 1609 2615; x_wconf 80' lang='lat' dir='ltr'>extremi</span> <span class='ocrx_word' id='word_1_266' title='bbox 1633 2578 1821 2614; x_wconf 79' lang='lat' dir='ltr'>uocabulo</span> <span class='ocrx_word' id='word_1_267' title='bbox 1847 2579 1910 2614; x_wconf 83' lang='lat' dir='ltr'>uis</span> 
     </span>
    </p>

    <p class='ocr_par' dir='ltr' id='par_1_17' title="bbox 147 2626 1909 2722">
     <span class='ocr_line' id='line_1_30' title="bbox 239 2626 1909 2684; baseline -0.001 -20.979"><span class='ocrx_word' id='word_1_268' title='bbox 239 2626 469 2673; x_wconf 63' lang='lat' dir='ltr'>‚proposita</span> <span class='ocrx_word' id='word_1_269' title='bbox 494 2630 547 2684; x_wconf 71' lang='grc' dir='ltr'>(Ρὶ</span> <span class='ocrx_word' id='word_1_270' title='bbox 562 2630 645 2672; x_wconf 89' lang='grc'><strong><em>127,</em></strong></span> <span class='ocrx_word' id='word_1_271' title='bbox 660 2630 774 2672; x_wconf 79' lang='grc'><strong><em>6-8)</em></strong></span> <span class='ocrx_word' id='word_1_272' title='bbox 802 2639 884 2664; x_wconf 85' lang='lat' dir='ltr'>cum</span> <span class='ocrx_word' id='word_1_273' title='bbox 908 2629 1014 2664; x_wconf 86' lang='lat' dir='ltr'>solito</span> <span class='ocrx_word' id='word_1_274' title='bbox 1039 2639 1135 2664; x_wconf 72' lang='lat' dir='ltr'>more</span> <span class='ocrx_word' id='word_1_275' title='bbox 1156 2627 1353 2673; x_wconf 76' lang='lat' dir='ltr'>perscripti</span> <span class='ocrx_word' id='word_1_276' title='bbox 1377 2629 1463 2670; x_wconf 87' lang='lat' dir='ltr'>sint,</span> <span class='ocrx_word' id='word_1_277' title='bbox 1489 2628 1681 2672; x_wconf 80' lang='lat' dir='ltr'>insequens</span> <span class='ocrx_word' id='word_1_278' title='bbox 1699 2627 1842 2682; x_wconf 82' lang='lat' dir='ltr'>folium</span> <span class='ocrx_word' id='word_1_279' title='bbox 1868 2628 1909 2662; x_wconf 89' lang='lat' dir='ltr'>in</span> 
     </span>
     <span class='ocr_line' id='line_1_31' title="bbox 147 2655 1909 2722; baseline -0.001 -11"><span class='ocrx_word' id='word_1_280' title='bbox 147 2655 303 2720; x_wconf 77' lang='lat' dir='ltr'>utruque</span> <span class='ocrx_word' id='word_1_281' title='bbox 324 2676 470 2721; x_wconf 64' lang='lat' dir='ltr'>pagina</span> <span class='ocrx_word' id='word_1_282' title='bbox 493 2676 584 2711; x_wconf 86' lang='lat' dir='ltr'>mire</span> <span class='ocrx_word' id='word_1_283' title='bbox 608 2676 661 2712; x_wconf 87' lang='lat' dir='ltr'>sic</span> <span class='ocrx_word' id='word_1_284' title='bbox 679 2677 923 2722; x_wconf 79' lang='lat' dir='ltr'>perscriptum</span> <span class='ocrx_word' id='word_1_285' title='bbox 948 2679 999 2712; x_wconf 86' lang='lat' dir='ltr'>est</span> <span class='ocrx_word' id='word_1_286' title='bbox 1023 2680 1065 2711; x_wconf 85' lang='lat' dir='ltr'>ut</span> <span class='ocrx_word' id='word_1_287' title='bbox 1083 2676 1249 2721; x_wconf 80' lang='lat' dir='ltr'>primum</span> <span class='ocrx_word' id='word_1_288' title='bbox 1270 2678 1317 2710; x_wconf 83' lang='lat'>18</span> <span class='ocrx_word' id='word_1_289' title='bbox 1341 2687 1373 2710; x_wconf 89' lang='lat' dir='ltr'>v.</span> <span class='ocrx_word' id='word_1_290' title='bbox 1394 2676 1502 2711; x_wconf 86' lang='lat' dir='ltr'>lineis</span> <span class='ocrx_word' id='word_1_291' title='bbox 1527 2675 1647 2711; x_wconf 86' lang='lat' dir='ltr'>ductis</span> <span class='ocrx_word' id='word_1_292' title='bbox 1671 2675 1725 2710; x_wconf 84' lang='lat' dir='ltr'>sic</span> <span class='ocrx_word' id='word_1_293' title='bbox 1753 2674 1795 2720; x_wconf 69' lang='lat' dir='ltr'>V</span> <span class='ocrx_word' id='word_1_294' title='bbox 1824 2675 1909 2710; x_wconf 85' lang='lat' dir='ltr'>dein</span> 
     </span>
    </p>
   </div>
   <div class='ocr_carea' id='block_1_17' title="bbox 143 2723 1911 2770">
    <p class='ocr_par' dir='ltr' id='par_1_18' title="bbox 143 2723 1911 2770">
     <span class='ocr_line' id='line_1_32' title="bbox 143 2723 1911 2770; baseline -0.001 -12"><span class='ocrx_word' id='word_1_295' title='bbox 143 2727 228 2769; x_wconf 79' lang='lat' dir='ltr'>post</span> <span class='ocrx_word' id='word_1_296' title='bbox 251 2734 283 2758; x_wconf 83' lang='lat' dir='ltr'>v.</span> <span class='ocrx_word' id='word_1_297' title='bbox 310 2734 466 2759; x_wconf 83' lang='lat' dir='ltr'>vacuum</span> <span class='ocrx_word' id='word_1_298' title='bbox 486 2726 533 2759; x_wconf 88' lang='grc'>19</span> <span class='ocrx_word' id='word_1_299' title='bbox 558 2734 589 2759; x_wconf 86' lang='grc' dir='ltr'>υ.</span> <span class='ocrx_word' id='word_1_300' title='bbox 608 2724 662 2759; x_wconf 81' lang='lat' dir='ltr'>sic</span> <span class='ocrx_word' id='word_1_301' title='bbox 688 2723 731 2770; x_wconf 79' lang='grc' dir='ltr'>Λ</span> <span class='ocrx_word' id='word_1_302' title='bbox 758 2724 964 2759; x_wconf 76' lang='lat' dir='ltr'>decrescant</span> <span class='ocrx_word' id='word_1_303' title='bbox 988 2727 1262 2768; x_wconf 81' lang='lat' dir='ltr'>accrescantque</span> <span class='ocrx_word' id='word_1_304' title='bbox 1287 2723 1473 2759; x_wconf 84' lang='lat' dir='ltr'>vocabulis</span> <span class='ocrx_word' id='word_1_305' title='bbox 1497 2733 1603 2768; x_wconf 78' lang='lat' dir='ltr'>saepe</span> <span class='ocrx_word' id='word_1_306' title='bbox 1628 2723 1829 2765; x_wconf 73' lang='lat' dir='ltr'>distractis,</span> <span class='ocrx_word' id='word_1_307' title='bbox 1857 2723 1911 2757; x_wconf 86' lang='lat' dir='ltr'>ita</span> 
     </span>
    </p>
   </div>
   <div class='ocr_carea' id='block_1_18' title="bbox 149 2769 1911 2913">
    <p class='ocr_par' dir='ltr' id='par_1_19' title="bbox 149 2769 1908 2913">
     <span class='ocr_line' id='line_1_33' title="bbox 149 2769 1908 2818; baseline -0.001 -12"><span class='ocrx_word' id='word_1_308' title='bbox 149 2775 192 2807; x_wconf 91' lang='lat' dir='ltr'>ut</span> <span class='ocrx_word' id='word_1_309' title='bbox 214 2772 255 2807; x_wconf 87' lang='lat' dir='ltr'>in</span> <span class='ocrx_word' id='word_1_310' title='bbox 286 2772 412 2816; x_wconf 79' lang='lat' dir='ltr'>priore</span> <span class='ocrx_word' id='word_1_311' title='bbox 441 2771 587 2818; x_wconf 64' lang='lat' dir='ltr'>pagina</span> <span class='ocrx_word' id='word_1_312' title='bbox 610 2771 770 2807; x_wconf 85' lang='lat' dir='ltr'>medium</span> <span class='ocrx_word' id='word_1_313' title='bbox 794 2771 960 2816; x_wconf 72' lang='lat' dir='ltr'>efficiant</span> <span class='ocrx_word' id='word_1_314' title='bbox 991 2772 1099 2807; x_wconf 87' lang='lat' dir='ltr'>verba</span> <span class='ocrx_word' id='word_1_315' title='bbox 1131 2774 1183 2816; x_wconf 88' lang='grc' dir='ltr'>(Ρ.</span> <span class='ocrx_word' id='word_1_316' title='bbox 1210 2773 1413 2816; x_wconf 82' lang='lat' dir='ltr'>128‚1sq)</span> <span class='ocrx_word' id='word_1_317' title='bbox 1449 2769 1529 2815; x_wconf 89' lang='lat' dir='ltr'>bulj</span> <span class='ocrx_word' id='word_1_318' title='bbox 1559 2769 1790 2814; x_wconf 74' lang='lat' dir='ltr'>declinaltus</span> <span class='ocrx_word' id='word_1_319' title='bbox 1831 2769 1908 2815; x_wconf 55' lang='lat' dir='ltr'>Ut}</span> 
     </span>
     <span class='ocr_line' id='line_1_34' title="bbox 149 2817 1906 2865; baseline -0.001 -12"><span class='ocrx_word' id='word_1_320' title='bbox 149 2818 190 2853; x_wconf 92' lang='lat' dir='ltr'>In</span> <span class='ocrx_word' id='word_1_321' title='bbox 211 2829 307 2865; x_wconf 79' lang='lat' dir='ltr'>qua.</span> <span class='ocrx_word' id='word_1_322' title='bbox 326 2818 394 2854; x_wconf 91' lang='lat' dir='ltr'>do</span> <span class='ocrx_word' id='word_1_323' title='bbox 413 2829 474 2854; x_wconf 90' lang='lat' dir='ltr'>mo</span> <span class='ocrx_word' id='word_1_324' title='bbox 486 2819 498 2864; x_wconf 85' lang='grc' dir='ltr'>ΙΙ</span> <span class='ocrx_word' id='word_1_325' title='bbox 511 2830 535 2853; x_wconf 89' lang='grc' dir='ltr'>ιι</span> <span class='ocrx_word' id='word_1_326' title='bbox 553 2820 559 2864; x_wconf 82' lang='grc' dir='ltr'>Ι</span> <span class='ocrx_word' id='word_1_327' title='bbox 575 2830 644 2854; x_wconf 81' lang='lat' dir='ltr'>nus</span> <span class='ocrx_word' id='word_1_328' title='bbox 662 2820 665 2865; x_wconf 86' lang='grc' dir='ltr'>Ι</span> <span class='ocrx_word' id='word_1_329' title='bbox 684 2830 812 2854; x_wconf 80' lang='lat' dir='ltr'>seruus</span> <span class='ocrx_word' id='word_1_330' title='bbox 831 2820 871 2854; x_wconf 89' lang='lat' dir='ltr'>in</span> <span class='ocrx_word' id='word_1_331' title='bbox 885 2820 1086 2864; x_wconf 73' lang='lat' dir='ltr'>posteriore</span> <span class='ocrx_word' id='word_1_332' title='bbox 1105 2819 1213 2855; x_wconf 85' lang='lat' dir='ltr'>verba</span> <span class='ocrx_word' id='word_1_333' title='bbox 1234 2819 1285 2864; x_wconf 88' lang='grc' dir='ltr'>(Ρ</span> <span class='ocrx_word' id='word_1_334' title='bbox 1301 2820 1461 2863; x_wconf 84' lang='grc'><strong><em>128,13)</em></strong></span> <span class='ocrx_word' id='word_1_335' title='bbox 1483 2818 1610 2863; x_wconf 83' lang='lat' dir='ltr'>orian</span> <span class='ocrx_word' id='word_1_336' title='bbox 1627 2819 1689 2852; x_wconf 75' lang='lat' dir='ltr'>tur</span> <span class='ocrx_word' id='word_1_337' title='bbox 1705 2821 1709 2861; x_wconf 85' lang='grc' dir='ltr'>Ι</span> <span class='ocrx_word' id='word_1_338' title='bbox 1727 2817 1815 2862; x_wconf 55' lang='lat' dir='ltr'>Pari</span> <span class='ocrx_word' id='word_1_339' title='bbox 1835 2819 1906 2852; x_wconf 75' lang='lat' dir='ltr'>tes!</span> 
     </span>
     <span class='ocr_line' id='line_1_35' title="bbox 150 2866 1911 2913; baseline -0.001 -12"><span class='ocrx_word' id='word_1_340' title='bbox 150 2868 252 2912; x_wconf 73' lang='lat' dir='ltr'>ossra</span> <span class='ocrx_word' id='word_1_341' title='bbox 268 2867 273 2911; x_wconf 75' lang='grc' dir='ltr'>Ι</span> <span class='ocrx_word' id='word_1_342' title='bbox 289 2866 365 2902; x_wconf 80' lang='lat' dir='ltr'>tio</span> <span class='ocrx_word' id='word_1_343' title='bbox 362 2866 489 2913; x_wconf 56' lang='lat' dir='ltr'>,nis{;</span> <span class='ocrx_word' id='word_1_344' title='bbox 507 2870 700 2911; x_wconf 77' lang='lat' dir='ltr'>praeterea</span> <span class='ocrx_word' id='word_1_345' title='bbox 725 2867 767 2902; x_wconf 88' lang='lat' dir='ltr'>in</span> <span class='ocrx_word' id='word_1_346' title='bbox 791 2867 908 2902; x_wconf 79' lang='lat' dir='ltr'>altera</span> <span class='ocrx_word' id='word_1_347' title='bbox 928 2870 1037 2912; x_wconf 75' lang='lat' dir='ltr'>parte</span> <span class='ocrx_word' id='word_1_348' title='bbox 1060 2867 1148 2910; x_wconf 80' lang='lat' dir='ltr'>folii</span> <span class='ocrx_word' id='word_1_349' title='bbox 1166 2877 1234 2912; x_wconf 83' lang='lat' dir='ltr'>per</span> <span class='ocrx_word' id='word_1_350' title='bbox 1258 2869 1281 2902; x_wconf 81' lang='lat'><strong><em>4</em></strong></span> <span class='ocrx_word' id='word_1_351' title='bbox 1305 2878 1336 2902; x_wconf 89' lang='lat' dir='ltr'>v.</span> <span class='ocrx_word' id='word_1_352' title='bbox 1363 2870 1538 2902; x_wconf 77' lang='lat' dir='ltr'>extremos</span> <span class='ocrx_word' id='word_1_353' title='bbox 1563 2869 1596 2900; x_wconf 88' lang='lat' dir='ltr'>et</span> <span class='ocrx_word' id='word_1_354' title='bbox 1626 2866 1827 2911; x_wconf 78' lang='lat' dir='ltr'>maryinem</span> <span class='ocrx_word' id='word_1_355' title='bbox 1852 2866 1911 2899; x_wconf 88' lang='lat' dir='ltr'>in-</span> 
     </span>
    </p>
   </div>
   <div class='ocr_carea' id='block_1_19' title="bbox 150 2913 1913 3056">
    <p class='ocr_par' dir='ltr' id='par_1_20' title="bbox 150 2913 1913 3056">
     <span class='ocr_line' id='line_1_36' title="bbox 150 2913 1913 2960; baseline -0.002 -10"><span class='ocrx_word' id='word_1_356' title='bbox 150 2913 321 2957; x_wconf 81' lang='lat' dir='ltr'>feriorem</span> <span class='ocrx_word' id='word_1_357' title='bbox 349 2925 444 2960; x_wconf 78' lang='lat' dir='ltr'>pars</span> <span class='ocrx_word' id='word_1_358' title='bbox 468 2914 519 2950; x_wconf 86' lang='lat' dir='ltr'>ad</span> <span class='ocrx_word' id='word_1_359' title='bbox 543 2915 604 2950; x_wconf 84' lang='lat' dir='ltr'>ovi</span> <span class='ocrx_word' id='word_1_360' title='bbox 635 2914 793 2958; x_wconf 78' lang='lat' dir='ltr'>formam</span> <span class='ocrx_word' id='word_1_361' title='bbox 818 2915 941 2950; x_wconf 76' lang='lat' dir='ltr'>excisa</span> <span class='ocrx_word' id='word_1_362' title='bbox 966 2918 1018 2950; x_wconf 80' lang='lat' dir='ltr'>est</span> <span class='ocrx_word' id='word_1_363' title='bbox 1041 2915 1126 2950; x_wconf 83' lang='lat' dir='ltr'>ante</span> <span class='ocrx_word' id='word_1_364' title='bbox 1151 2915 1394 2959; x_wconf 80' lang='lat' dir='ltr'>scripturam,</span> <span class='ocrx_word' id='word_1_365' title='bbox 1429 2913 1583 2958; x_wconf 82' lang='lat' dir='ltr'>denique</span> <span class='ocrx_word' id='word_1_366' title='bbox 1618 2913 1702 2956; x_wconf 81' lang='lat' dir='ltr'>folii</span> <span class='ocrx_word' id='word_1_367' title='bbox 1727 2915 1775 2947; x_wconf 89' lang='grc'>19</span> <span class='ocrx_word' id='word_1_368' title='bbox 1795 2913 1913 2958; x_wconf 76' lang='lat' dir='ltr'>primi</span> 
     </span>
     <span class='ocr_line' id='line_1_37' title="bbox 150 2959 1910 2998; baseline -0.002 -1"><span class='ocrx_word' id='word_1_369' title='bbox 150 2972 183 2997; x_wconf 88' lang='lat' dir='ltr'>v.</span> <span class='ocrx_word' id='word_1_370' title='bbox 202 2964 228 2997; x_wconf 90' lang='grc'><strong><em>2</em></strong></span> <span class='ocrx_word' id='word_1_371' title='bbox 252 2962 299 2998; x_wconf 84' lang='lat' dir='ltr'>ab</span> <span class='ocrx_word' id='word_1_372' title='bbox 324 2962 449 2997; x_wconf 84' lang='lat' dir='ltr'>eadem</span> <span class='ocrx_word' id='word_1_373' title='bbox 473 2973 520 2998; x_wconf 88' lang='lat' dir='ltr'>m.</span> <span class='ocrx_word' id='word_1_374' title='bbox 540 2962 624 2997; x_wconf 86' lang='lat' dir='ltr'>item</span> <span class='ocrx_word' id='word_1_375' title='bbox 649 2962 836 2998; x_wconf 74' lang='lat' dir='ltr'>distractis</span> <span class='ocrx_word' id='word_1_376' title='bbox 861 2966 895 2998; x_wconf 86' lang='lat' dir='ltr'>et</span> <span class='ocrx_word' id='word_1_377' title='bbox 919 2962 1027 2998; x_wconf 82' lang='lat' dir='ltr'>lineis</span> <span class='ocrx_word' id='word_1_378' title='bbox 1051 2966 1085 2998; x_wconf 88' lang='lat' dir='ltr'>et</span> <span class='ocrx_word' id='word_1_379' title='bbox 1101 2962 1289 2998; x_wconf 83' lang='lat' dir='ltr'>vocabulis</span> <span class='ocrx_word' id='word_1_380' title='bbox 1313 2961 1481 2997; x_wconf 75' lang='lat' dir='ltr'>exhibent</span> <span class='ocrx_word' id='word_1_381' title='bbox 1499 2960 1607 2996; x_wconf 86' lang='lat' dir='ltr'>verba</span> <span class='ocrx_word' id='word_1_382' title='bbox 1634 2959 1800 2995; x_wconf 80' lang='lat' dir='ltr'>uerbi..</span> <span class='ocrx_word' id='word_1_383' title='bbox 1823 2988 1829 2995; x_wconf 96' lang='lat'>.</span> <span class='ocrx_word' id='word_1_384' title='bbox 1852 2988 1860 2995; x_wconf 88' lang='lat'><strong>.</strong></span> <span class='ocrx_word' id='word_1_385' title='bbox 1881 2959 1910 2995; x_wconf 72' lang='grc' dir='ltr'><strong>δι</strong></span> 
     </span>
     <span class='ocr_line' id='line_1_38' title="bbox 152 3008 1911 3056; baseline -0.001 -11"><span class='ocrx_word' id='word_1_386' title='bbox 152 3011 474 3054; x_wconf 79' lang='lat' dir='ltr'>(p.128,17sq)</span> <span class='ocrx_word' id='word_1_387' title='bbox 491 3014 579 3055; x_wconf 77' lang='lat' dir='ltr'>post</span> <span class='ocrx_word' id='word_1_388' title='bbox 602 3021 695 3055; x_wconf 77' lang='lat' dir='ltr'>quae</span> <span class='ocrx_word' id='word_1_389' title='bbox 720 3012 768 3045; x_wconf 88' lang='lat'>39</span> <span class='ocrx_word' id='word_1_390' title='bbox 792 3021 824 3045; x_wconf 88' lang='lat' dir='ltr'>v.</span> <span class='ocrx_word' id='word_1_391' title='bbox 851 3010 893 3045; x_wconf 90' lang='lat' dir='ltr'>in</span> <span class='ocrx_word' id='word_1_392' title='bbox 917 3010 986 3046; x_wconf 83' lang='lat' dir='ltr'>hac</span> <span class='ocrx_word' id='word_1_393' title='bbox 1005 3010 1151 3056; x_wconf 74' lang='lat' dir='ltr'>payina</span> <span class='ocrx_word' id='word_1_394' title='bbox 1176 3011 1224 3044; x_wconf 82' lang='lat'>40</span> <span class='ocrx_word' id='word_1_395' title='bbox 1249 3009 1291 3044; x_wconf 88' lang='lat' dir='ltr'>in</span> <span class='ocrx_word' id='word_1_396' title='bbox 1315 3008 1546 3054; x_wconf 77' lang='lat' dir='ltr'>sequentibus</span> <span class='ocrx_word' id='word_1_397' title='bbox 1565 3009 1732 3053; x_wconf 77' lang='lat' dir='ltr'>perrexit</span> <span class='ocrx_word' id='word_1_398' title='bbox 1756 3008 1911 3044; x_wconf 86' lang='lat' dir='ltr'>nitidior</span> 
     </span>
    </p>
   </div>
   <div class='ocr_carea' id='block_1_20' title="bbox 152 3056 886 3102">
    <p class='ocr_par' dir='ltr' id='par_1_21' title="bbox 152 3056 886 3102">
     <span class='ocr_line' id='line_1_39' title="bbox 152 3056 886 3102; baseline 0.001 -10"><span class='ocrx_word' id='word_1_399' title='bbox 152 3056 219 3092; x_wconf 83' lang='lat' dir='ltr'>illa</span> <span class='ocrx_word' id='word_1_400' title='bbox 243 3067 389 3097; x_wconf 83' lang='lat' dir='ltr'>manus,</span> <span class='ocrx_word' id='word_1_401' title='bbox 415 3057 458 3092; x_wconf 89' lang='lat' dir='ltr'>de</span> <span class='ocrx_word' id='word_1_402' title='bbox 483 3068 557 3102; x_wconf 79' lang='lat' dir='ltr'>qua</span> <span class='ocrx_word' id='word_1_403' title='bbox 581 3068 697 3102; x_wconf 75' lang='lat' dir='ltr'>supra</span> <span class='ocrx_word' id='word_1_404' title='bbox 722 3057 886 3093; x_wconf 78' lang='lat' dir='ltr'>diximus</span> 
     </span>
    </p>
   </div>
   <div class='ocr_carea' id='block_1_21' title="bbox 1937 1292 1952 1324">
    <p class='ocr_par' dir='ltr' id='par_1_22' title="bbox 1937 1292 1952 1324">
     <span class='ocr_line' id='line_1_40' title="bbox 1937 1292 1952 1324; baseline 0 0"><span class='ocrx_word' id='word_1_405' title='bbox 1937 1292 1952 1324; x_wconf 87' lang='lat'>1</span> 
     </span>
    </p>
   </div>
   <div class='ocr_carea' id='block_1_22' title="bbox 1935 1723 1955 1754">
    <p class='ocr_par' dir='ltr' id='par_1_23' title="bbox 1935 1723 1955 1754">
     <span class='ocr_line' id='line_1_41' title="bbox 1935 1723 1955 1754; baseline 0 0"><span class='ocrx_word' id='word_1_406' title='bbox 1935 1723 1955 1754; x_wconf 81' lang='lat'><strong>2</strong></span> 
     </span>
    </p>
   </div>
  </div>
 </body>
</html>
