2144 3340
265 162 349 198 XIV
952 161 1319 198 PROLEGOMENA

272 271 458 314 Vibenna
488 271 648 326 potuit:
688 271 815 325 idque
846 285 892 312 re
922 285 1023 313 vera
1054 285 1151 313 eum
1182 271 1335 314 fecisse
1366 274 1416 313 ut
1447 271 1704 315 arbitremur
1736 287 1844 328 quae
1882 261 2038 328 supra?

262 342 520 396 protulimus
552 356 600 384 ac
629 341 857 396 praecipue
889 355 1120 383 consensus
1152 343 1264 384 inter
1287 343 1472 384 formam
1502 342 1713 386 librorum
1739 346 1782 385 et
1812 343 2008 388 interlo-

264 427 360 454 cum
398 413 448 454 de
481 411 636 454 Casino
674 414 870 454 notatum
907 412 951 453 in
982 412 1030 454 F
1055 415 1098 455 et
1135 407 1382 469 excerptum
1414 429 1439 454 a
1470 413 1598 455 Petro
1630 414 1822 457 Diacono
1863 398 2008 457 efficit.

382 483 518 526 Paulo
556 483 693 525 fusius
734 483 785 524 de
822 482 890 525 his
920 482 1050 525 rebus
1082 483 1408 540 disputavimus,
1440 485 1540 539 quia
1570 484 1676 527 haec
1707 484 1899 540 quaestio
1934 500 2013 540 per

264 569 308 597 se
359 555 609 596 secundaria
658 553 838 595 alicuius
887 554 1096 595 momenti
1147 557 1211 597 est
1252 555 1305 596 ad
1350 555 1642 610 quaestionem
1685 556 1742 597 de
1789 555 2012 599 Lauren-

263 626 406 667 tiano
437 625 484 667 F
511 626 748 667 ceterorum
777 623 990 667 librorum
1029 625 1220 666 omnium
1251 626 1379 668 unico
1409 614 1540 668 fonte.
1590 625 1680 668 Iam
1711 641 1811 669 vero
1837 627 1889 669 de
1913 628 2010 682 ipso

262 696 345 738 hoc
377 696 521 738 codice
554 696 821 738 disseramus.

383 766 466 817 Qui
492 766 601 809 liber
632 767 799 809 saeculo
820 766 883 809 XI
915 767 1100 822 scriptus
1133 768 1178 808 in
1204 767 1362 810 montis
1383 766 1527 810 Casini
1551 768 1808 810 monasterio
1830 767 2012 824 ‘Lango-

260 837 464 880 bardicis’
509 853 618 892 quae
659 840 861 880 consuete
901 838 1040 894 magis
1079 853 1205 893 quam
1239 839 1411 894 proprie
1442 839 1642 882 dicuntur
1672 838 1827 881 litteris
1859 838 2029 885 deinde„

262 908 505 951 Florentiae
536 908 583 951 in
613 908 878 952 bibliotheca
896 909 1114 951 Marciana
1145 910 1453 965 asservabatur,
1482 925 1598 953 nunc
1629 925 1729 953 vero
1761 910 1807 952 in
1825 909 2010 952 Lauren-

260 979 378 1021 tiana
413 980 550 1035 plutei
581 979 638 1022 LI
669 980 803 1022 codex
842 982 909 1022 est
943 980 1009 1022 10.
1070 980 1262 1022 Primum
1301 981 1454 1023 folium
1497 982 1710 1036 scriptura
1741 983 1881 1036 vacat,
1924 980 2009 1023 nisi

262 1050 376 1106 quod
414 1050 458 1092 in
497 1050 656 1105 pagina
692 1065 812 1092 versa
853 1051 898 1093 in
930 1051 1147 1107 superiore
1179 1055 1298 1107 parte
1329 1052 1583 1108 inscriptum
1616 1055 1680 1095 est
1709 1078 1768 1083 —
1800 1052 1931 1094 erasis
1963 1053 2008 1094 et

261 1137 392 1177 supra
422 1121 532 1164 hanc
563 1122 890 1176 inscriptionem
922 1122 1142 1164 vocabulis
1181 1137 1252 1165 sex
1284 1124 1354 1165 vel
1387 1125 1550 1179 septem
1582 1125 1625 1165 et
1654 1123 1774 1165 iuxta
1805 1123 2009 1165 lineolam

260 1207 367 1247 quae
391 1193 436 1234 in
461 1193 596 1234 altera
615 1193 747 1234 trium
766 1205 967 1236 versuum
987 1195 1108 1248 parte
1129 1192 1266 1251 (tertii
1285 1193 1480 1251 dimidio)
1502 1194 1604 1236 olim
1625 1194 1785 1249 scripta
1805 1196 1925 1241 erant
1944 1209 2008 1236 -ε

479 1275 531 1318 111
562 1276 645 1318 1100
675 1263 822 1318 11011110
854 1276 1040 1320 cotin'etv
1062 1300 1070 1308 ·
1089 1277 1173 1319 ifra
1205 1276 1369 1332 scripta
1400 1291 1482 1333 opa
1503 1301 1510 1309 ·
1532 1277 1553 1318 s
1569 1300 1577 1308 -

473 1348 528 1390 (Ὀ
551 1370 559 1378 ·
581 1346 752 1402 Terentj
787 1348 839 1389 de
869 1347 1001 1404 ligua
1030 1348 1167 1390 latina
1407 1346 1410 1405 Q

474 1417 607 1462 Orffes
629 1442 636 1450 ·
659 1419 714 1461 (Υ)
737 1442 745 1450 -
766 1418 801 1460 Τ
823 1441 832 1450 ·
854 1418 885 1461 G
907 1442 915 1450 ·
934 1434 968 1480 p
1000 1418 1098 1460 aulo
1131 1418 1316 1461 cluetio·
1407 1414 1409 1483 j

474 1490 594 1532 Libri
625 1489 826 1545 rhetoricj
861 1490 915 1532 ad
946 1489 1168 1532 herefiium
1190 1514 1198 1521 ·
1407 1484 1409 1546 Ι

260 1572 365 1615 Mox
395 1573 514 1615 foliis
546 1573 694 1615 2-34
725 1573 893 1616 numeri
928 1573 1069 1614 1—17
1104 1575 1147 1615 et
1178 1573 1234 1615 28
1267 1575 1519 1627 atramento,
1553 1572 1723 1614 18—27
1757 1575 1801 1615 et
1831 1572 2007 1615 29—33

257 1642 387 1685 rubro
421 1643 628 1698 adscripti
660 1646 760 1686 sunt
791 1659 816 1686 a
847 1643 1045 1685 manibus
1077 1657 1171 1698 rec„
1204 1658 1385 1698 quarum
1418 1643 1554 1686 altera
1584 1643 1763 1686 nitidior
1792 1643 1946 1698 priore.

375 1713 519 1769 Atque
563 1714 751 1769 reliqu'ae
795 1717 939 1769 partes
983 1714 1141 1756 codicis
1185 1728 1324 1769 neque
1367 1715 1420 1756 ad
1462 1715 1578 1757 hunc
1617 1714 1760 1757 locum
1790 1715 2007 1770 pertinent

262 1799 400 1840 neque
433 1786 607 1828 omnino
641 1786 849 1842 gravioris
881 1787 1088 1828 momenti
1120 1788 1230 1828 sunt.
1280 1785 1646 1828 Varronianorum
1671 1800 1770 1828 vero
1798 1786 2006 1828 librorum

255 1856 393 1911 prima
425 1857 600 1899 collatio
633 1859 774 1899 exstat
804 1857 850 1898 in
881 1857 1083 1899 editionis
1114 1856 1322 1912 principis
1359 1857 1593 1913 exemplari
1623 1857 1887 1911 Monacensi‚
1929 1857 2005 1898 ubi

255 1927 302 1969 in
332 1927 485 1970 ultimo
518 1927 623 1970 folio
655 1927 767 1971 hanc
797 1927 1006 1970 habemus
1039 1927 1414 1982 subscriptionem:

435 2010 589 2053 Petrus
622 2010 841 2053 Victorius
873 2025 921 2052 ac
951 2010 1133 2054 Iacobus
1158 2009 1379 2052 Diacetius
1411 2010 1671 2053 contulimus
1704 2024 1801 2052 cum
1832 2012 2003 2052 vetusto

435 2081 580 2124 codice
619 2096 671 2123 ex
701 2081 805 2123 Diui
837 2080 972 2124 Marci
1010 2080 1131 2137 [Divi
1161 2081 1295 2123 Marci
1325 2095 1456 2135 supra
1485 2081 1647 2123 Marcia
1677 2080 1830 2124 lineola
1859 2081 2000 2135 deleto]

435 2152 708 2196 Bibliotheca
745 2153 882 2195 literis
924 2152 1202 2209 longobardis
1242 2155 1435 2208 exarato,
1491 2154 1611 2194 tanta
1647 2150 1870 2208 diligentia
1911 2152 2004 2194 siue

435 2223 582 2279 potius
613 2238 784 2266 morosa
817 2224 1126 2266 observatione.
1146 2226 1196 2265 ut
1225 2224 1295 2265 vel
1326 2238 1409 2278 que
1435 2223 1479 2265 in
1508 2237 1557 2265 eo
1585 2225 1781 2277 corrupte
1806 2221 2003 2279 legeban-

435 2298 508 2336 tur
538 2296 582 2337 in
617 2295 733 2338 hunc
764 2295 1120 2337 transtulerimus.
1182 2294 1263 2336 Die
1294 2293 1446 2336 XIIIJ-
1472 2293 1653 2349 Aprilis·
1679 2292 1882 2335 MDXXI.

377 2376 455 2419 Cui
493 2378 715 2420 collationi
750 2377 931 2420 nimium
976 2378 1161 2420 confisus
1192 2377 1238 2419 L.
1268 2375 1454 2432 Spengel
1483 2377 1670 2431 priorem
1702 2375 1933 2419 editionem
1964 2391 2000 2418 a.

258 2447 372 2490 1826
405 2451 641 2503 paraverat.
704 2448 846 2491 Antea
881 2450 1011 2504 paulo
1050 2448 1200 2491 saltem
1239 2448 1489 2504 diligentius
1520 2447 1761 2489 contulerat
1791 2446 2002 2501 Hierony'-

253 2533 350 2561 mus
381 2518 693 2575 Lagomarsini,
731 2521 805 2575 qui
837 2520 883 2562 in
912 2520 1008 2575 ipso
1040 2520 1184 2562 codice
1216 2520 1262 2562 in
1293 2518 1484 2575 margine
1515 2518 1716 2560 inferiore
1746 2517 1842 2560 folii
1873 2517 2001 2572 primi

254 2590 367 2632 versi
398 2591 587 2646 scripsit:

432 2673 516 2716 Hic
559 2674 690 2717 codex
728 2690 752 2716 a
789 2689 856 2716 me
888 2673 1154 2729 Hieronymo
1187 2673 1495 2730 Lagomarsino
1534 2688 1556 2715 e
1594 2686 1677 2714 soc.
1709 2671 1749 2714 J.
1781 2685 1876 2714 cum
1910 2671 1999 2712 vul-

432 2745 544 2801 gatis
584 2745 813 2802 diligenter
851 2746 1032 2787 collatus
1069 2744 1116 2787 in
1151 2759 1247 2787 mea
1284 2743 1528 2787 orationum
1565 2742 1781 2786 Ciceronis
1813 2741 2000 2797 Operum

435 2815 622 2859 editione
653 2831 831 2858 numero
865 2816 924 2858 64
955 2816 1259 2873 designabitur.
1321 2814 1561 2857 Florentiae
1589 2813 1656 2856 18.
1676 2812 1849 2856 Octobr.
1872 2812 1998 2854 1740.

374 2897 466 2948 Qua
498 2899 727 2942 collatione
759 2899 973 2941 interdum
999 2898 1196 2941 Niebuhr
1221 2900 1398 2953 eiusque
1421 2897 1681 2939 liberalitate
1706 2896 1877 2938 adiutus
1909 2909 1997 2936 sae-

254 2969 352 3023 pius
390 2984 488 3012 cum
527 2970 671 3012 fructu
703 2984 805 3013 usus
839 2972 904 3012 est
935 2968 978 3011 G.
1005 2968 1263 3012 Lachmann.
1338 2968 1482 3010 Etiam
1512 2966 1755 3010 Ludovicus
1785 2965 1998 3008 Mercklin

253 3040 297 3080 in
318 3039 486 3090 Quaest.
509 3040 628 3083 Varr.
656 3039 760 3098 (ind.
786 3041 881 3084 lect.
902 3040 1080 3097 Dorpat.
1107 3056 1142 3083 a.
1166 3040 1280 3083 1852
1306 3056 1345 3095 p.
1367 3038 1412 3096 9)
1441 3053 1485 3081 se
1509 3038 1751 3081 Florentiae
1774 3037 1876 3080 libri
1901 3052 1998 3092 par·
2020 3088 2022 3091 .
