2144 3340
323 166 442 202 XLVI
1011 165 1344 202 PROLEGOMEN
1345 166 1378 201 A

325 275 500 317 89-91.
522 273 947 317 95-98.148-152.
971 274 1066 317 154.
1090 274 1184 316 156.
1215 274 1310 316 157.
1338 274 1434 317 159.
1466 276 1559 317 163.
1589 275 1684 317 164.
1714 276 2065 329 171—173.174;

327 344 390 387 VI
412 345 596 387 13—34.
659 345 724 387 De
758 346 912 400 quibus
944 348 992 387 ut
1024 346 1192 400 saepius
1224 346 1508 388 confidentius
1539 346 1787 402 iudicemus,
1817 347 2066 398 testimonia

323 415 546 458 Plutarchi
591 419 633 458 et
677 416 877 471 Dionysii
922 416 1134 471 efficiunt,
1178 417 1253 471 qui
1297 431 1348 458 ex
1398 417 1547 459 iisdem
1592 416 1915 472 Antiquitatum
1956 418 2065 461 locis

323 487 522 542 pendent.
573 486 666 536 Quo
693 488 899 529 accedunt
929 487 1177 530 testimonia
1201 501 1289 529 non
1321 488 1462 530 minus
1489 488 1636 544 gravia
1661 503 1712 530 ex
1739 487 1942 531 Cicerone
1968 502 2065 531 cum

321 557 517 600 Varrone
549 559 855 612 consentiente,
886 558 930 600 id
962 560 1025 600 est
1050 583 1109 588 —
1135 558 1250 613 quod
1281 561 1348 600 tot
1378 559 1485 607 locis
1512 559 1668 602 diserte
1699 560 1906 614 probatur
1931 585 1987 590 —-
2013 574 2066 602 ex

321 629 398 671 illo
424 629 658 671 hauriente.
700 629 833 671 Velut
857 630 1011 672 mirum
1040 632 1104 671 est
1130 629 1407 686 Spengelium
1440 629 1533 687 (qui
1559 645 1645 672 non
1670 631 1731 671 ita
1755 631 1915 672 multos
1946 630 2066 673 locos

320 701 547 755 parallelos
592 701 798 756 respexit,
842 701 918 742 etsi
959 701 1043 742 iam
1082 700 1296 743 Mercklin
1326 701 1480 743 Philol.
1513 700 1618 743 XIII
1647 717 1688 756 p.
1715 701 1798 742 687
1833 716 1882 743 eo
1914 715 2063 756 provo-

320 769 450 827 cavit)
484 771 537 813 ad
568 769 608 813 V
629 771 684 813 68
729 797 787 802 —
831 772 1012 814 fortasse
1044 771 1096 813 ab
1129 771 1301 814 Halmio
1334 786 1411 814 suo
1444 773 1657 814 monitum
1696 798 1751 802 -—
1790 772 2066 828 adscripsisse

319 842 450 884 verba
489 842 647 884 similia
684 857 735 885 ex
776 841 961 885 Firmico
992 841 1188 884 Materno
1228 843 1279 884 de
1317 858 1457 885 errore
1493 844 1767 899 profanarum
1807 843 2064 899 religionum

320 928 458 968 neque
489 913 837 955 animadvertisse
869 914 934 956 illi
966 912 1213 956 Ciceronem
1244 917 1460 957 auctorem
1500 929 1591 956 esse
1623 915 1672 956 de
1704 918 1856 957 natura
1887 915 2063 957 deorum

321 983 393 1041 (cf.
431 986 526 1026 test.
573 985 626 1026 ad
656 985 732 1040 22,
764 983 829 1041 2);
875 999 1012 1040 neque
1057 985 1200 1027 deesse
1245 986 1404 1028 similes
1443 986 1560 1028 locos
1599 984 1650 1028 ex
1694 986 1995 1028 ‘testimoniis'
2041 1001 2066 1027 a

319 1055 444 1098 nobis
486 1055 713 1110 adscriptis
753 1056 996 1110 perspicies.
1070 1054 1205 1105 Quem
1247 1060 1500 1099 consensum
1541 1057 1745 1112 explicari
1777 1071 1828 1098 ex
1858 1056 2065 1099 Varronis

318 1126 639 1182 Antiquitatum
680 1126 802 1169 libris
835 1126 1038 1169 adhibitis
1070 1127 1313 1169 coniectura
1346 1130 1409 1169 est
1441 1130 1483 1169 et
1523 1142 1659 1182 prona
1691 1130 1732 1169 et
1772 1127 2019 1183 probabilis.
2029 1125 2064 1184 1)

321 1197 590 1253 Quamquam
635 1189 809 1239 minime
854 1198 1066 1240 credimus
1098 1197 1335 1241 Varronem
1381 1213 1547 1254 semper
1585 1200 1637 1240 ad
1678 1199 1983 1241 verbum'illos
2014 1213 2067 1240 ex

321 1268 670 1324 Antiquitatibus
701 1269 1034 1324 'transcripsisse
1077 1271 1214 1312 locos:
1257 1271 1391 1312 immo
1435 1270 1477 1312 in
1524 1270 1787 1325 excerpendo
1830 1269 1960 1312 verba
1999 1284 2066 1312 ac-

321 1341 610 1382 commodavit
652 1341 957 1396 grammaticae
1000 1341 1157 1383 rationi
1202 1341 1498 1397 disposuitque
1542 1341 1712 1397 singula
1752 1344 1881 1396 prout
1923 1355 2064 1383 rerum

322 1412 616 1454 condicionem
659 1411 877 1467 postulare
921 1412 988 1454 vel
1032 1412 1257 1454 commodo
1303 1413 1506 1454 inservire
1551 1412 1739 1454 credidit.
1820 1411 1971 1467 Neque
2014 1425 2066 1453 ex

321 1482 424 1525 solis
450 1482 799 1537 Antiquitatibus
831 1483 1024 1525 hausisse
1057 1498 1166 1539 eum,
1199 1484 1272 1526 sed
1305 1483 1433 1525 etiam
1466 1483 1550 1525 alia
1576 1497 1704 1538 opera
1730 1498 1806 1525 sua
1830 1483 2066 1539 inspexisse

322 1557 653 1596 consentaneum
696 1557 910 1609 putamus.
993 1553 1060 1596 Ne
1103 1555 1148 1596 in
1192 1555 1375 1609 septimo
1422 1554 1593 1610 quidem
1637 1555 1748 1597 libro
1798 1554 1905 1596 tales
1948 1554 2066 1597 locos

321 1639 580 1681 quamquam
612 1625 794 1667 rariores
828 1628 927 1667 sunt
958 1640 1133 1680 prorsus
1166 1625 1369 1668 deficiunt
1402 1626 1474 1682 (cf.
1502 1625 1634 1668 Goetz
1660 1625 1686 1667 l.
1707 1640 1738 1668 s.
1759 1640 1789 1667 s.
1809 1641 1850 1681 p.
1873 1625 1927 1667 13
1942 1623 2065 1682 sqq).

322 1695 438 1746 Quae
458 1697 492 1738 si
513 1696 797 1752 probabiliter
817 1697 1034 1751 disputata
1054 1711 1145 1738 esse
1169 1697 1439 1750 videbuntur,
1459 1696 1783 1744 Reitzensteinii
1804 1703 1861 1753 (p.
1883 1697 1938 1739 39
1954 1693 2066 1752 sqq.)

321 1767 588 1823 sententiam,
619 1768 694 1822 qui
724 1768 926 1823 pleraque
957 1782 1045 1810 non
1076 1767 1294 1822 Varronis,
1338 1768 1411 1809 sed
1442 1767 1556 1810 Aelii
1588 1766 1766 1810 Stilonis
1798 1782 1900 1823 esse,
1944 1768 2065 1810 cuius

322 1839 623 1880 tractationem
655 1837 792 1880 Varro
837 1839 882 1880 in
923 1840 1053 1895 longe
1096 1839 1295 1894 plurimis
1339 1842 1381 1881 et
1417 1840 1462 1880 in
1498 1841 1592 1881 tota
1628 1839 1906 1894 dispositione
1944 1853 2065 1881 suam

322 1909 495 1952 fecisset
536 1912 578 1951 et
619 1910 679 1952 ita
711 1910 899 1966 quidem,
930 1912 980 1951 ut
1011 1910 1180 1966 singula
1212 1925 1338 1965 saepe
1370 1912 1678 1965 corrumperet,
1710 1925 1762 1952 ex
1794 1910 1911 1952 omni
1943 1911 2063 1965 parte

322 1980 688 2023 labefactavimus:
738 1996 836 2023 nam
886 1983 1102 2036 quotquot
1143 1981 1261 2023 locos
1305 1997 1356 2024 ex
1399 1981 1523 2023 Aelio
1569 1980 1827 2036 derivamus,
1877 1995 1929 2022 ex
1978 1994 2064 2035 quo

322 2051 465 2106 plures
498 2066 599 2093 sanc
632 2051 850 2094 derivandi
883 2054 984 2094 sunt
1015 2067 1143 2107 quam
1176 2052 1331 2094 diserte
1364 2052 1551 2108 scriptor
1581 2054 1774 2105 testatur,
1805 2051 1849 2092 in
1884 2050 2064 2093 totidem

322 2122 417 2164 aliis
450 2122 577 2165 rebus
609 2123 662 2164 ab
688 2122 814 2164 Aelio
845 2137 934 2165 non
964 2123 1147 2178 pendere
1174 2123 1414 2166 Varronem
1445 2123 1718 2179 perspicuum
1750 2123 1812 2177 fit,
1843 2124 1892 2164 ut
1916 2121 2065 2164 funda-

322 2197 477 2248 menta,
505 2193 661 2248 quibus
687 2196 828 2237 totum
855 2194 1095 2236 aedificium
1121 2194 1374 2249 impositum
1401 2197 1466 2236 est
1491 2193 1737 2236 dilabantur
1762 2196 1804 2235 et
1829 2192 2064 2235 concidant.

321 2264 473 2319 Neque
516 2268 630 2307 recte
673 2268 877 2320 putamus
919 2280 971 2308 ex
1014 2266 1142 2307 meris
1184 2265 1440 2307 coniecturis
1481 2265 1542 2307 sic
1572 2267 1616 2306 et
1645 2263 1817 2306 Aelium
1850 2266 1892 2305 et
1922 2264 2063 2318 ipsum

322 2335 561 2378 Varronem
603 2338 732 2393 longe
776 2337 883 2379 alios
924 2337 1030 2393 fingi
1070 2351 1119 2379 ac
1163 2336 1344 2379 describi
1387 2351 1513 2391 quam
1547 2335 1621 2390 qui
1652 2335 1874 2390 utriusque
1905 2334 2065 2390 scripta

324 2407 475 2449 melius
506 2408 741 2450 noscebant
768 2408 1004 2463 antiquitus
1030 2407 1305 2450 tradiderunt.
1357 2405 1438 2450 Sed
1463 2420 1578 2449 nunc
1603 2406 1655 2447 ad
1680 2405 1860 2448 triadem
1887 2404 2063 2448 alteram

321 2466 530 2521 librorum
562 2478 769 2520 VIII—X
813 2482 1096 2534 transeamus,
1140 2493 1321 2534 quorum
1362 2477 1656 2520 condicionem
1695 2477 1824 2533 longe
1855 2476 2063 2518 diversam

323 2564 413 2591 esse
444 2550 568 2592 facile
599 2550 876 2607 intellegitur.

444 2620 671 2663 Secunda
710 2622 844 2678 igitur
883 2636 999 2677 pars
1040 2622 1229 2677 operis,
1264 2635 1372 2675 quae
1403 2621 1456 2663 ab
1491 2622 1641 2662 octavo
1672 2619 1784 2661 libro
1816 2619 1980 2673 incipit,
2011 2617 2064 2659 ad

324 2692 613 2748 analogiam
659 2695 706 2734 et
749 2693 1052 2734 anomaliam
1093 2692 1298 2748 pertinet,
1342 2706 1450 2746 quae
1494 2690 1784 2733 controversia
1826 2705 1851 2732 a
1890 2687 2062 2731 Graecis

324 2765 498 2817 accepta
528 2763 642 2818 apud
673 2763 890 2806 Romanos
922 2777 1091 2818 quoque
1132 2762 1274 2804 studia
1314 2762 1501 2817 plurima
1531 2764 1574 2803 et
1611 2761 1814 2804 acerrima
1852 2759 2061 2802 excitavit.

445 2940 478 2984 1)
504 2939 559 2973 De
584 2938 751 2974 Varrone
777 2938 964 2974 Ciceronis
990 2939 1141 2973 auctore
1165 2938 1206 2973 in
1236 2938 1389 2973 deorum
1418 2937 1543 2972 indice
1575 2936 1621 2971 de
1645 2948 1682 2971 n.
1709 2936 1743 2970 d.
1768 2935 1820 2970 111
1838 2938 1894 2970 42.
1921 2937 1966 2970 53
1981 2945 2061 2979 sqq.

323 2999 410 3043 post
447 2997 540 3033 alios
573 2998 611 3032 et
642 2999 770 3033 contra
795 2997 998 3033 Rudolfum
1023 2997 1151 3032 Hirzel
1189 2997 1301 3043 (‘Ber.
1329 2996 1394 3031 der
1417 2996 1454 3031 k.
1472 2995 1607 3031 S‘achs.
1634 2994 1716 3030 Ges.
1743 2994 1778 3030 d.
1805 2993 1880 3029 W.’
1896 3005 1941 3041 ,9⁴·
1970 2996 2060 3028 1896

324 3069 361 3102 p.
384 3060 451 3092 304
466 3058 560 3102 sqq.)
598 3056 806 3101 disputavit
830 3056 974 3092 Bobeth
1002 3056 1070 3091 ‘de
1093 3056 1219 3091 indice
1244 3056 1418 3090 deorum'
1447 3055 1533 3091 diss.
1560 3054 1660 3100 Lips.
1686 3066 1719 3090 a.
1747 3055 1838 3088 1904
1862 3065 1899 3098 p.
1921 3056 1966 3087 24
1980 3064 2060 3097 sqq.
