2176 3386
310 113 396 154 278
993 110 1369 147 ADNOTATIONES

308 225 408 263 fiant
431 226 477 262 ut
503 224 730 275 obligentur
754 225 902 262 tutatur
913 222 1188 261 Schlossmann
1207 222 1288 263 coll.
1304 223 1390 262 Ter.
1404 222 1613 262 Heautont.
1637 223 1733 268 689,
1753 223 1821 261 ubi
1838 222 1911 266 fiat
1922 220 1974 261 A.
1986 222 2058 272 Sp..

309 292 355 328 ut
374 290 600 341 obligentur
617 284 866 340 (personae)
878 288 1114 327 Pumtschart
1136 289 1159 326 l.
1180 300 1210 327 s.
1230 299 1260 326 s.
1285 288 1385 326 inter
1405 289 1488 326 alia
1504 289 1780 337 supplementa.
1800 309 1858 314 —
1876 289 2053 338 praeter-

309 368 430 405 quam
448 351 613 406 <quod>
630 355 740 392 Turn
758 355 987 392 assentiente
998 354 1121 392 Lenel
1141 354 1167 391 l.
1182 365 1212 392 s.
1232 365 1262 391 s.
1275 365 1318 402 p.
1342 355 1406 391 94.
1437 355 1596 403 praeter
1615 365 1736 403 quom
1755 353 2054 392 cuanHus'chloio

309 419 426 469 (Nem.
460 433 496 458 a.
525 421 641 458 1846
667 432 710 468 p.
738 418 906 468 32sqq.)
941 420 1056 457 etiam
1090 420 1310 457 Mommsen
1344 419 1366 456 l.
1392 429 1423 455 s.
1447 430 1478 456 s.
1507 430 1549 466 p.
1576 419 1664 456 349
1700 420 1734 456 et
1756 418 1928 457 Kuebler
1960 418 2052 457 ibid.

310 485 440 524 XXV
453 498 496 533 p.
523 486 611 523 266
637 487 671 523 et
693 485 883 532 Pflueyer,
917 485 984 532 qut
1016 485 1130 522 etiam
1155 483 1354 535 obligetur
1386 486 1421 522 et
1454 495 1519 522 aes
1546 484 1728 531 probant.
1757 504 1811 509 —
1836 482 1943 521 idem
1967 494 2054 522 cum

311 550 399 589 GH
408 545 503 603 (pro
522 551 564 588 id
584 562 648 588 aes
657 564 670 597 ,·
687 550 769 589 scil.
780 543 955 602 Mucius)
966 548 1249 587 Schlossmann.
1264 570 1320 574 —
1336 548 1457 586 dabat
1470 547 1576 596 (cwm
1587 547 1783 597 Turnebo)
1797 548 1856 586 vel
1873 547 2056 586 nectebat

301 618 393 664 post
411 615 578 654 debebat
601 617 738 654 inserit
755 614 1039 653 Schlossmann.
1071 610 1124 665 <a
1148 609 1369 663 nectendo>
1395 615 1439 651 ut
1463 613 1512 652 ab
1539 625 1629 651 aere
1647 612 1923 652 Schlossmann
1941 614 1964 651 l.
1978 624 2008 652 s.
2022 625 2054 654 s.

311 680 488 720 Ceterum
522 682 570 729 cf.
599 683 691 729 post
714 681 767 718 H.
791 679 1067 719 ermmerum
1100 676 1151 718 Ἦ,
1176 683 1271 718 ro‘m.
1300 675 1555 718 Gutsbetrieb’
1583 677 1696 727 (Klio
1722 678 1832 719 Beth.
1860 678 1898 718 V
1919 677 2054 719 1906)

309 746 480 785 Kuebler
507 743 794 785 ‘Wochensclzn
820 746 848 794 f.
874 744 922 783 kl.
949 741 1064 783 Phil?
1095 746 1211 783 1906
1226 757 1271 793 p.
1299 745 1396 782 911.

434 824 530 872 122,
552 824 587 861 3.
621 818 820 874 de<n>tur
845 824 879 860 et
902 823 945 860 in
970 824 1168 869 apparatu
1193 807 1258 859 det
1281 821 1527 859 scribendum
1550 822 1647 869 fuit:
1670 822 1726 859 sic
1751 821 1853 859 enim
1871 820 1914 858 F
1933 820 2054 859 habet:

430 889 527 937 122,
552 890 586 926 7.
622 887 681 936 Of.
707 888 927 926 Mommsen
954 884 1079 925 ‘Rom
1098 883 1274 925 Forsch.’
1301 886 1360 924 II
1371 899 1416 934 p,
1435 887 1537 925 244.

430 955 528 1002 122,
551 954 616 992 11.
648 965 727 991 non
753 954 813 990 est
838 964 924 990 cum
942 951 1008 1000 Sp.
1028 951 1209 1000 Lindsay
1236 948 1309 990 ‘the
1334 953 1488 990 ancient
1512 951 1567 990 ed.
1593 952 1641 999 o'f
1657 947 1733 991 Pl.'
1746 963 1789 999 p.
1811 952 1839 989 3
1863 949 2057 1000 (idemque

313 1018 525 1057 Claudium
559 1018 729 1056 elicuum
765 1018 898 1066 leyisse
922 1013 1075 1067 censet).
1114 1014 1171 1054 At
1194 1028 1315 1065 neque
1340 1017 1400 1055 est
1434 1028 1554 1064 neque
1579 1017 1633 1055 sit
1658 1027 1736 1064 pro
1762 1018 1854 1062 sunt
1877 1016 2058 1064 sufficere

308 1084 471 1129 videtur,
498 1084 734 1132 praesertim
769 1094 856 1120 cum
880 1082 999 1120 verba
1033 1093 1132 1131 quae
1164 1083 1379 1130 sequuntur
1402 1083 1448 1119 ut
1481 1081 1641 1120 turbida
1668 1112 1675 1119 .
1702 1110 1710 1119 .
1738 1111 1746 1119 .
1771 1081 1926 1131 liquida
1958 1080 2058 1120 fiant

310 1148 570 1188 demonstrent
596 1149 812 1187 Varronem
836 1150 952 1186 antea
977 1147 1024 1185 de
1047 1148 1243 1186 translata
1267 1147 1373 1186 verbi
1398 1147 1681 1195 siqnisicatione
1707 1148 1900 1195 coyitasse.

432 1221 529 1269 122,
552 1220 617 1258 15.
654 1219 712 1268 Of.
739 1219 951 1258 Buecheler
975 1218 1216 1257 Fleckeiseni
1237 1217 1388 1258 Annal.
1415 1230 1451 1257 a.
1481 1219 1596 1256 1869
1612 1230 1655 1266 p.
1683 1218 1780 1256 488.
1809 1217 1906 1256 536.

433 1286 529 1334 122,
552 1286 604 1323 18
619 1296 673 1333 sq.
722 1284 780 1332 Of.
813 1284 1025 1323 Buecheler
1055 1284 1163 1322 Mus.
1196 1283 1319 1322 Rhen.
1346 1283 1531 1321 XXVII
1554 1295 1597 1331 p.
1626 1283 1711 1321 475
1748 1285 1784 1322 et
1806 1283 1887 1322 Leo
1914 1279 2057 1322 ‘Plaut

308 1346 486 1389 Forseh?
503 1363 546 1399 p.
575 1351 632 1389 83
657 1351 772 1397 adn.‚·
801 1349 918 1388 Laeti
941 1345 1197 1400 <enim>ver0
1228 1360 1389 1387 servans
1421 1349 1536 1387 etiam
1565 1350 1610 1387 in
1641 1349 1697 1386 ed.
1723 1348 1808 1386 III
1825 1348 2058 1387 Ribbeckius

303 1418 395 1464 post
418 1415 591 1454 Aesiona
609 1418 746 1464 poetae
770 1415 887 1454 verba
912 1415 1095 1453 excidisse
1118 1415 1264 1458 statuit,
1289 1425 1369 1452 non
1392 1416 1501 1453 recte.

432 1482 529 1531 122,
551 1483 617 1521 20.
661 1482 724 1520 De
750 1480 889 1519 Vitula
927 1481 974 1528 cf.
999 1479 1148 1518 Pr6ller
1173 1475 1299 1518 ‘Rom
1319 1475 1460 1528 Myth?
1492 1491 1535 1527 p.
1563 1478 1650 1517 359
1675 1479 1766 1518 adn.
1797 1479 1824 1517 3
1857 1478 1911 1517 ed.
1937 1478 1974 1516 I.
2001 1499 2058 1505 —

309 1547 418 1585 Mire
440 1547 611 1585 Ribbeck
637 1547 845 1596 caperrata
870 1541 997 1597 (ille)
1020 1545 1161 1584 fronte.

432 1613 529 1661 123,
549 1613 583 1651 1.
610 1611 789 1661 persibus
808 1623 832 1649 a
852 1611 979 1660 perite
1000 1612 1068 1649 etsi
1086 1622 1173 1648 cum
1191 1610 1369 1649 omnibus
1388 1610 1647 1654 toleravimus,
1668 1613 1797 1648 tamen
1815 1620 1958 1648 sanum
1977 1619 2057 1647 esse

309 1689 517 1726 neyamus:
540 1689 636 1715 nam
659 1688 781 1725 neque
805 1678 894 1724 ipsa
913 1676 1120 1724 originatio
1139 1675 1199 1713 vel
1225 1675 1395 1713 Varroni
1419 1675 1643 1723 satisfacere
1660 1676 1791 1723 potuit
1809 1673 2057 1723 (praesertim

311 1754 399 1780 cum
433 1743 595 1790 simplex
629 1742 737 1780 sibus
771 1743 837 1780 cix
870 1743 1068 1789 ignoraret
1099 1739 1369 1789 neyleqeretve)
1406 1751 1527 1788 neque
1563 1741 1645 1778 iam
1680 1742 1777 1778 recte
1809 1739 2059 1788 applicantur

310 1807 476 1856 itaque
507 1791 579 1846 sub
610 1807 684 1845 hoc
716 1806 912 1858 glossema
939 1805 1081 1844 callide
1106 1805 1379 1852 subscribunt‚·
1409 1817 1462 1843 an
1491 1805 1568 1852 fuit
1592 1817 1616 1842 a
1641 1818 1712 1855 per
1737 1806 1777 1843 et
1801 1800 2057 1856 <Sisypho>?

432 1873 529 1921 123,
552 1875 574 1911 7
588 1884 643 1920 sq.
676 1872 890 1911 confictant
915 1884 938 1909 a
961 1870 1126 1909 conficto
1150 1871 1250 1918 ferri
1279 1871 1412 1919 nequit
1433 1869 1614 1917 nulloque
1637 1870 1748 1908 modo
1774 1871 1947 1909 convenit
1970 1881 2056 1908 cum

311 1938 648 1985 interpretamento
673 1937 899 1982 convenire,
924 1949 949 1975 a
975 1947 1048 1984 quo
1070 1936 1393 1984 proficiscendum
1416 1936 1580 1980 videtur,
1605 1947 1654 1974 ne
1679 1947 1766 1974 cum
1789 1935 1998 1973 Ribbeckio
2024 1937 2059 1973 et

311 2002 361 2041 A.
374 2002 441 2051 Sp.
462 2005 594 2041 omnia
612 2005 877 2051 permutemus
898 2001 965 2049 (cf.
984 2000 1065 2040 ΤΘ.
1086 2002 1244 2039 confore
1264 2001 1473 2039 convenire
1494 2003 1529 2039 et
1544 2000 1647 2039 Don.
1667 2002 1710 2039 in
1723 1999 1850 2038 Andr.
1863 2000 1895 2038 I
1905 2002 1942 2044 1,
1960 2001 2057 2038 140.

310 2067 388 2108 Ad.
410 2068 447 2107 V
464 2069 502 2113 8,
520 2068 608 2117 23).
629 2089 687 2095 -—
712 2067 957 2118 pallucidum
975 2067 1239 2105 Klussmanni
1258 2066 1464 2104 Ribbeckio
1477 2065 1633 2114 placere
1651 2066 1824 2114 potuisse
1848 2066 2059 2111 mirantum

311 2145 406 2171 sane
439 2144 559 2182 neque
592 2133 863 2183 praelucidum
888 2143 1010 2179 neque
1035 2131 1252 2170 dilucidum
1274 2132 1426 2179 glossae
1460 2131 1664 2178 satisfacit.
1708 2129 1862 2169 Goeteio
1895 2129 2059 2178 simplex

310 2216 487 2255 lucidum
511 2217 664 2255 subesse
685 2216 888 2254 videbatur
913 2197 1136 2267 (dulcidum,
1162 2208 1357 2266 lucidum)
1367 2227 1382 2261 ‚·
1405 2213 1589 2253 Schoellio
1606 2214 1740 2261 potius
1763 2224 1864 2262 pecu
1882 2211 2056 2250 lucidum

313 2280 381 2330 (cf.
404 2281 488 2320 ΤΘ.
515 2293 545 2319 s.
571 2281 748 2319 lucidum
776 2276 1059 2331 [praeclarum]
1093 2282 1127 2318 et
1155 2292 1280 2327 supra
1303 2277 1331 2329 5
1358 2281 1411 2316 14
1441 2276 1615 2330 ‘signum
1640 2274 1825 2316 candens'
1850 2278 1894 2315 in
1918 2286 2058 2326 pecore

314 2359 401 2385 cum
427 2348 573 2391 testim„
598 2346 702 2384 unde
719 2348 859 2394 pateat
880 2357 959 2384 non
983 2348 1080 2383 recte
1103 2345 1261 2383 illustre
1280 2345 1403 2383 delere
1427 2344 1594 2382 voluisse
1611 2343 1690 2390 Sp„
1716 2354 1803 2380 ewm
1826 2341 2058 2390 respondeat

314 2411 469 2457 callide,
505 2412 638 2450 suavis
673 2412 838 2459 aliisque
869 2409 1235 2459 interpretamentis)
1245 2423 1260 2457 ‚·
1294 2410 1412 2458 facile
1443 2409 1488 2446 iai
1514 2408 1731 2447 Tarentilla
1767 2408 2057 2445 commemorari

306 2478 480 2525 potuisse
503 2477 672 2515 illustres
698 2472 800 2515 ‘oves
824 2472 1072 2515 Tarentinas’
1100 2475 1166 2523 (cf.
1189 2475 1315 2513 Varro
1340 2487 1372 2512 r.
1392 2477 1488 2512 rust.
1507 2474 1565 2511 II
1583 2475 1624 2518 2,
1647 2474 1713 2512 18.
1748 2471 1893 2512 Colum.
1912 2472 2004 2511 VII
2015 2473 2056 2511 2.

312 2543 414 2581 Plin.
443 2542 560 2580 VIII
582 2544 667 2580 190
679 2553 733 2590 sq.
764 2542 892 2580 Plaut.
921 2542 1034 2579 Truc.
1064 2542 1160 2579 649.
1186 2540 1283 2578 Hor.
1311 2551 1339 2577 c.
1365 2539 1424 2577 II
1445 2541 1482 2584 6,
1504 2541 1558 2577 10
1585 2550 1614 2577 c.
1640 2538 1752 2576 schol.
1787 2537 1896 2586 Very.
1918 2536 2056 2585 G'eory.

313 2607 385 2646 IV
405 2607 494 2645 355
518 2619 547 2645 e.
573 2605 716 2654 schol).

436 2673 619 2722 123,11.
667 2671 726 2719 Of.
756 2671 840 2710 TG.
866 2684 896 2710 s.
923 2684 1028 2717 sera,
1057 2670 1144 2709 GL.
1165 2671 1196 2709 I
1219 2670 1386 2715 553,10
1418 2664 1547 2723 (sarra
1586 2667 1748 2721 μοχλός,·
1783 2680 1817 2707 v.
1840 2667 2056 2716 Woelffla'mi

311 2737 431 2777 Arch.
453 2738 491 2777 V
512 2732 630 2790 467).

434 2804 532 2852 123,
548 2803 613 2841 15.
653 2802 948 2852 producendum
970 2796 1041 2855 [sic
1059 2813 1190 2850 apoyr.
1210 2802 1400 2849 quaedam
1419 2801 1527 2848 apud
1545 2794 1853 2850 Antonibonum]
1872 2798 1946 2846 def.
1957 2797 2059 2836 Boot

314 2868 338 2906 l.
364 2880 394 2906 s.
419 2880 448 2907 s.
476 2868 556 2906 coll.
577 2869 674 2906 Hor.
694 2866 743 2906 A.
764 2868 807 2906 Ρ.
833 2867 886 2905 59
912 2866 1031 2915 (adde
1058 2868 1128 2915 epi.
1154 2867 1212 2904 II
1230 2867 1270 2910 2,
1294 2865 1420 2913 119),·
1445 2866 1492 2913 cf.
1518 2864 1612 2903 Birt
1636 2860 1825 2902 ‘Buchwf
1844 2874 1887 2911 p.
1911 2864 2004 2902 149.

435 2933 531 2982 125,
552 2934 588 2971 8.
633 2932 793 2971 huiusce
818 2929 983 2983 (modi)
1012 2931 1078 2979 Sp.
1110 2931 1301 2980 probante
1326 2931 1424 2969 Mue
1460 2932 1503 2968 in
1526 2930 1628 2968 Fest.
1660 2942 1704 2977 p.
1731 2928 1900 2967 XLIV:
1936 2928 1985 2975 cf.
2009 2939 2054 2976 p.

315 2999 412 3043 129,
431 2999 512 3045 21‚·
538 2998 634 3042 156,
658 3000 735 3044 11;
761 2998 858 3042 178,
881 2999 947 3036 16.
