2176 3386
301 102 389 144 294
981 100 1358 137 ADNo'rATmNEs

301 225 391 260 esse,
409 226 488 252 non
508 216 562 252 est
585 225 654 252 cur
672 213 715 252 in
734 214 874 252 ceteris
894 214 1154 262 corriqamus:
1178 213 1350 252 Varroni
1367 214 1500 264 placet
1518 214 1566 252 de
1586 215 1725 254 ceteris
1746 209 1845 268 (scil.
1865 210 2040 269 casibus)
2060 267 2064 270 Ἴ

300 280 357 318 sic
383 279 513 318 efferri
538 273 635 332 (scil.
656 272 747 331 eos)
774 280 821 316 ut
845 278 1104 317 nominativo.

421 351 516 399 199,
539 352 560 388 1
577 361 655 398 sqq.
690 349 791 388 Cum
818 348 1039 388 Wilmanns
1057 350 1286 399 fraqmentis
1305 350 1352 389 de
1370 350 1507 399 linqua
1525 350 1651 390 latina
1668 351 1910 391 subiwnxerit
1933 347 2042 402 fray-

297 418 428 454 menta
452 416 498 454 de
521 426 694 453 sermone
727 414 848 453 latino
874 416 910 452 et
941 414 988 452 de
1017 415 1286 463 ,qramanaticd
1321 415 1459 454 deinde
1490 417 1711 464 fraymenta
1736 417 1783 454 de
1814 418 2041 466 antiquitate

298 480 516 518 litterarum
540 492 628 518 cum
652 481 795 524 ceteris,
819 479 930 518 nobis
954 480 1081 517 visum
1106 481 1161 518 est
1186 481 1317 528 primo
1344 480 1422 518 loco
1447 480 1631 519 collocare
1656 481 1970 530 antiquissimum
1994 481 2041 521 de

297 546 525 594 antiquitate
550 545 768 583 litterarum
792 555 900 593 opus,
933 545 1068 582 ultimo
1091 545 1349 584 novissimum
1373 544 1420 583 de
1437 547 1710 593 ¹grammatica,
1742 547 2040 595 interposuimus

295 610 475 659 reliquos,
501 621 547 649 ex
564 611 704 658 quibus
728 610 846 648 libros
865 610 911 647 de
930 610 1078 659 oriyine
1101 609 1259 658 linquae
1283 610 1430 648 latinae
1448 610 1557 649 libris
1576 610 1623 661 de
1641 610 1777 660 linqua
1794 611 1920 651 latina
1939 608 2043 651 anti-'

296 677 461 723 quiores,
486 675 606 714 libros
630 675 677 714 de
700 685 873 714 sermone
896 674 1018 713 latino
1035 676 1269 723 posteriores
1294 686 1374 714 esse
1390 678 1580 723 putamus
1607 697 1662 701 —
1687 688 1782 715 nam
1806 680 1912 716 errat
1933 677 2040 717 Beck

295 741 341 779 in
363 741 494 789 praef.
521 741 574 779 ad
598 741 724 779 Ptin:
754 751 789 778 v.
815 739 869 778 ad
893 741 993 785 203,
1007 741 1034 778 7
1041 751 1096 788 sq.
1122 761 1182 766 —
1206 751 1294 779 cum
1317 741 1365 779 de
1388 741 1548 789 reliquis
1571 741 1631 779 nil
1655 744 1804 781 constet.
1852 731 2040 782 Similiter

294 817 421 853 nuper
444 805 658 852 Funaioli,·
680 805 728 853 cf.
757 804 872 844 Goete
899 802 998 843 ‘Zur
1027 804 1276 853 Wurdiqwnq
1300 806 1369 844 der
1389 818 1554 854 yramm.
1576 804 1761 845 Arbeiten
1790 805 1951 847 Varros'
1977 807 2057 856 (in.

295 871 489 910 volumine
508 863 765 920 gratulatorio
790 870 1007 908 litterarum
1031 871 1221 909 societatis
1244 869 1461 909 Saxonieae
1483 871 1729 911 universitati
1751 872 1952 921 Lipsiensi
1976 873 2038 912 de-

295 934 440 984 dicato)
459 948 501 985 p.
522 935 592 975 25.

418 1008 513 1056 199,
535 1007 692 1045 4-15.
733 1006 795 1045 De
818 1007 880 1044 his
905 1005 1096 1045 Varronis
1124 1005 1236 1044 libris
1261 1007 1399 1055 optime
1423 1008 1515 1055 post
1540 1006 1846 1046 Wilmannsiwm
1870 1009 2043 1056 disputat

295 1072 421 1110 Marx
439 1073 482 1110 in
501 1074 694 1110 comment.
710 1071 837 1110 Lucil
856 1083 900 1120 p.
923 1071 1170 1115 141—144,
1192 1071 1373 1119 refutans
1392 1072 1507 1110 etiam
1524 1073 1668 1110 miram
1689 1071 1875 1112 Guilelmi
1885 1072 2044 1114 Schulze

295 1137 572 1175 dubitationem
596 1137 640 1175 in
665 1138 760 1175 actis
786 1137 896 1177 acad.
916 1135 1048 1175 Berol.
1075 1147 1110 1175 a.
1140 1137 1255 1175 1904
1272 1148 1315 1185 p.
1339 1137 1425 1175 760
1437 1149 1515 1185 sqq.

413 1209 511 1257 200,
533 1210 569 1246 1.
610 1207 718 1256 Quae
743 1208 789 1246 de
820 1207 960 1246 tabula
991 1209 1152 1246 testatur
1180 1207 1306 1246 Varro
1332 1208 1441 1256 apud
1463 1207 1661 1254 Servium,
1686 1211 1766 1247 tam
1800 1212 1883 1248 arte
1909 1211 2042 1249 cohae-

294 1276 380 1311 rent
404 1285 491 1312 eum
515 1273 641 1312 verbis
667 1273 862 1311 adiunctis
887 1273 933 1311 de
968 1273 1186 1311 litterarum
1208 1273 1438 1318 inventione,
1464 1276 1507 1311 ut
1539 1275 1756 1313 necessario
1779 1275 1873 1314 haee
1895 1286 2043 1325 quoque

292 1340 516 1387 referantur
541 1338 594 1377 ad
620 1338 846 1383 Varronem,
863 1339 1097 1386 praesertim
1121 1349 1208 1376 cum
1233 1349 1319 1376 eum
1343 1339 1387 1377 in
1410 1338 1478 1376 hoc
1502 1339 1599 1377 libro
1625 1339 1672 1377 de
1690 1339 1900 1378 Palamede
1923 1341 2041 1380 verba

292 1404 429 1451 fecisse
452 1416 532 1442 non
556 1404 667 1442 modo
686 1414 762 1452 per
786 1414 826 1442 se
842 1406 990 1451 pateat,
1016 1414 1152 1441 verum
1177 1404 1293 1442 etiami
1317 1404 1410 1442 aliis
1434 1404 1671 1450 testimoniis,
1695 1405 1763 1443 sed
1789 1408 1951 1454 propter
1973 1417 2041 1445 no-

292 1470 412 1507 minis
437 1470 624 1517 defectum
650 1469 792 1516 procul
823 1469 1011 1507 habendis
1035 1469 1233 1516 probetur.
1284 1468 1391 1507 Vnde
1416 1470 1530 1507 etiam
1555 1469 1762 1508 Plutarchi
1785 1471 2042 1510 testimonium

292 1534 340 1572 de
356 1534 421 1583 Sp.
451 1533 624 1573 Carvilio
646 1534 682 1573 G
707 1535 857 1573 litterae
880 1535 1077 1573 inventore
1102 1533 1275 1583 (Quaest.
1295 1534 1407 1572 Rom.
1431 1534 1496 1573 54.
1521 1534 1607 1584 59),
1632 1535 1734 1583 quod
1749 1537 1843 1584 post
1864 1536 1964 1575 alios
1987 1537 2041 1575 ad

301 1600 516 1638 Varronem
541 1600 732 1648 librosque
757 1600 804 1638 de
828 1601 975 1649 antiqu.
1002 1599 1070 1638 litt.
1097 1601 1194 1638 recte
1217 1600 1410 1638 revocavit
1433 1600 1558 1638 Marx
1582 1601 1607 1639 l.
1631 1612 1662 1640 s.
1688 1612 1737 1645 s.,
1762 1603 1973 1640 omisimus.

412 1672 510 1720 200,
534 1672 570 1709 5.
603 1669 782 1709 Alterum
801 1672 952 1709 tantum
970 1671 1228 1709 testimonium
1248 1669 1356 1718 (GL.
1377 1670 1435 1708 II
1451 1672 1518 1716 13,
1532 1670 1578 1719 8)
1599 1671 1772 1710 exhibere
1788 1674 1918 1720 potuit
1938 1673 2037 1711 Wil-

290 1747 433 1774 manns
453 1747 498 1774 ex
514 1737 604 1784 ipsa
621 1737 772 1774 ratione
795 1736 914 1784 fontis
937 1736 998 1774 his
1022 1735 1133 1774 libris
1151 1736 1368 1781 vindicans,
1386 1736 1489 1785 quod
1505 1737 1681 1785 repetivit
1697 1738 1889 1776 Fwnaioli
1908 1737 2034 1787 (240)

291 1801 545 1850 adiunxitque
570 1812 615 1839 ex
638 1801 758 1839 altero
784 1800 909 1849 (241)
926 1802 1080 1849 primos
1105 1803 1254 1840 tantum
1279 1812 1414 1839 versus
1439 1796 1517 1853 (—-
1536 1802 1671 1840 mutae
1697 1797 1809 1856 sunt)
1834 1814 1915 1841 non
1939 1815 2037 1842 com-

290 1869 503 1904 memorata
521 1866 642 1905 Keilii
666 1866 913 1905 adnotatione
932 1866 985 1904 ad
1004 1866 1153 1904 eosdem
1171 1877 1376 1904 revocans:
1401 1868 1470 1905 etsi
1493 1869 1690 1915 sequentia
1714 1878 1860 1916 quoque
1885 1879 1930 1907 ex
1952 1869 2038 1918 ipso

289 1932 491 1981 utriusque
515 1932 720 1970 testimonii
744 1942 931 1970 consensu
956 1931 1009 1969 ad
1036 1931 1251 1970 Varronem
1275 1932 1416 1980 hosque
1440 1932 1559 1970 libros
1582 1934 1821 1971 revocanda:
1844 1933 1891 1981 cf.
1912 1934 2037 1972 Marx

290 1997 314 2034 l.
340 2008 369 2035 s.
395 2008 426 2035 s
462 1996 718 2046 (quamquam
751 1999 794 2034 ut
827 1997 930 2035 alias
963 1996 1023 2035 ita
1055 1996 1116 2035 liic
1139 2007 1385 2045 nequaquam
1410 1996 1457 2035 de
1489 1998 1655 2046 singulis
1679 1998 1805 2037 verbis
1830 1999 2036 2047 quicquam

290 2063 478 2110 spondere
494 2061 736 2111 possumus).

410 2134 595 2182 200,14.
636 2133 757 2172 Hunc
780 2133 923 2178 locuan,
949 2144 1060 2181 quem
1084 2133 1183 2172 libro
1208 2133 1255 2171 de
1275 2135 1535 2182 yrammatica
1559 2134 1782 2173 vindicabat
1813 2135 2036 2174 Wilmanms

290 2219 345 2224 -—
371 2199 440 2237 ubi
464 2200 547 2237 sine
572 2199 687 2237 dubio
714 2198 846 2237 eadem
870 2199 1000 2237 docuit
1030 2198 1157 2237 Varro
1182 2219 1241 2224 —
1265 2198 1378 2236 libris
1402 2199 1449 2237 de
1472 2199 1699 2247 antiquitate
1723 2199 1940 2238 litterarum
1964 2201 2034 2238 ad-

288 2265 500 2308 iunximus,
531 2264 600 2302 ubi
623 2275 702 2302 non
726 2264 852 2312 mayis
875 2264 1070 2312 neqleqere
1095 2263 1225 2312 potuit
1249 2264 1499 2312 primumque
1524 2264 1699 2312 protulit,
1725 2265 1817 2312 quia
1841 2266 1885 2303 in
1901 2254 2033 2313 primo

287 2329 426 2367 horum
449 2331 666 2378 fraqmento
691 2331 780 2368 ante
806 2329 1022 2368 Varronem
1047 2331 1383 2367 commemoratum
1407 2329 1567 2377 leyimus
1592 2329 1739 2368 similia
1764 2333 1799 2368 et
1821 2331 1915 2379 quia
1941 2331 2032 2369 alte-

286 2406 377 2432 rum
402 2395 469 2442 qui
493 2395 671 2439 servavit,
696 2393 916 2442 Pompeius,
942 2394 1067 2442 paulo
1095 2395 1187 2442 post
1209 2393 1334 2432 locum
1357 2394 1471 2432 habet
1486 2394 1738 2442 parallelum,
1763 2395 1924 2443 denique
1951 2394 2033 2435 Ole-

287 2460 429 2498 donius
455 2461 575 2498 eidem
599 2461 809 2498 sententiae
834 2460 1015 2498 adiunxit
1039 2459 1232 2508 quaedam
1256 2459 1303 2497 de
1327 2458 1545 2498 litterarum
1569 2460 1841 2499 inventoribus.

408 2532 505 2580 201,
526 2532 643 2580 4sqq.
679 2529 738 2579 Of.
764 2530 996 2570 Ritschelius
1023 2530 1160 2579 Opusc.
1186 2530 1271 2568 III
1281 2542 1324 2578 p.
1351 2531 1456 2568 373.

408 2598 506 2645 201,
529 2597 579 2634 11
596 2607 673 2645 sqq.
718 2595 778 2645 Cf.
802 2595 964 2634 Norden
987 2596 1030 2634 in
1062 2596 1142 2634 ind.
1170 2594 1316 2644 Grypli.
1343 2607 1378 2633 a.
1407 2595 1523 2634 1895
1539 2608 1582 2644 p.
1611 2597 1728 2635 VIII
1733 2608 1787 2645 sq.
1828 2598 2032 2637 Miramur

287 2661 389 2709 quod
412 2660 613 2705 Funaioli,
639 2672 726 2699 cum
750 2661 798 2700 de
830 2660 941 2699 libris
965 2661 1019 2699 ad
1042 2660 1269 2708 Pompeium
1294 2672 1320 2698 a
1343 2660 1458 2708 Lydo
1483 2663 1784 2700 commemoratis
1809 2673 1886 2711 pro
1920 2663 2031 2701 libris

287 2725 335 2764 de
359 2727 506 2774 oriqine
530 2726 554 2763 l.
575 2726 599 2764 l.
624 2726 811 2764 habendis
835 2726 1055 2770 consentiat,
1081 2725 1248 2764 alterum
1271 2725 1395 2764 locum
1419 2726 1559 2764 maluit
1581 2727 1635 2765 ad
1659 2727 1776 2765 libros
1801 2727 1848 2765 de
1872 2727 1896 2765 l.
1922 2728 1946 2766 l.
1971 2739 2030 2766 re-

285 2792 390 2839 ferre
415 2803 532 2839 quam
556 2788 644 2843 περὶ
670 2785 884 2842 Ῥωμαικῆς
904 2788 1106 2829 διαλέκτου
1125 2801 1202 2839 pro
1228 2791 1401 2834 liberiore
1428 2792 1632 2830 eorundem
1657 2792 1844 2830 librorum
1867 2793 2030 2841 inscrip-

286 2857 387 2895 tione
411 2856 551 2895 habere
575 2868 662 2894 cum
696 2857 799 2901 aliis,
825 2857 1059 2905 praesertim
1083 2867 1170 2894 cwm
1193 2867 1237 2894 re
1259 2867 1354 2894 vera
1377 2857 1425 2894 de
1448 2857 1595 2905 ori-qine
1619 2857 1644 2895 l.
1670 2857 1694 2895 l.
1721 2859 1862 2906 aqatwr
1885 2859 1929 2896 in
1962 2858 2031 2896 hoc

285 2921 513 2969 fraqmento.
554 2921 838 2970 Difficultatem
861 2933 950 2959 vero
983 2922 1027 2959 in
1051 2928 1211 2959 numero
1237 2932 1278 2959 eo
1310 2922 1635 2961 inconsideratius
1667 2923 1711 2961 in
1743 2923 1815 2961 hac
1844 2934 1886 2961 re
1911 2924 2028 2972 effert,

286 2987 381 3033 quia
405 2997 493 3024 mox
517 2987 599 3034 ipse
623 2998 770 3035 quoque
787 2998 864 3034 pro
889 2983 1048 3039 πέμπτῳ
1074 2986 1269 3025 desiderat
1293 2983 1469 3040 δευτέρῳ,
1495 2988 1679 3035 quoniam
1703 2987 1750 3025 de
1773 2989 1905 3036 quinto
1930 2987 2028 3026 libro
