2144 3340
749 95 753 98 ’
825 93 1192 133 PROLEGOMENA
1733 95 1886 133 XXXIX

128 206 290 252 dixisse
319 206 552 251 credamus.
628 203 712 250 Sed
749 205 801 249 de
833 205 902 249 his
934 220 1044 262 quae
1075 202 1318 249 accuratius
1350 205 1547 263 indagari
1578 206 1651 249 vix
1682 208 1887 262 poterunt

126 278 212 324 hoo
242 278 339 324 loco
369 291 458 321 non
488 277 676 334 amplius
708 276 1019 334 disputandum
1050 290 1141 320 esse
1181 276 1460 320 arbitramur:
1504 291 1735 335 pergamus
1772 291 1887 321 nunc

129 349 185 395 ad
213 349 426 395 librorum
457 348 533 405 qui
564 351 736 392 exstant
768 348 1097 405 dispositionem
1129 347 1318 391 breviter
1348 348 1668 403 illustrandam,
1712 348 1763 392 de
1802 363 1887 404 qua

127 436 176 467 te
216 424 317 479 post
348 420 547 465 Muelleri
578 423 622 464 et
653 419 874 478 Spengelii
918 420 1210 476 praefationes
1248 419 1529 463 conferendae
1561 409 1663 464 sunt
1694 420 1888 477 disputa-

127 493 268 538 tiones
312 491 587 536 Ribbeckii
631 490 741 535 Mus.
779 491 916 535 Rhen.
948 490 1047 535 XLI
1085 507 1124 548 p.
1159 491 1246 534 618
1262 506 1355 548 sqq.
1394 494 1438 534 et
1481 491 1887 535 Reitzensteinii

129 563 201 608 ‘M
220 563 315 608 Ter.
335 562 473 608 Varro
505 579 546 606 u.
570 562 631 606 Io.
657 562 910 620 Mauropus’
935 563 1052 620 Lips.
1082 562 1215 619 1901,
1251 578 1349 606 cum
1382 578 1491 619 quae
1524 562 1629 607 016
1659 563 1686 606 l.
1713 578 1745 607 s.
1772 579 1803 607 s.
1836 564 1887 607 de

126 636 335 680 librorum
370 637 626 693 argumento
653 635 837 691 protulit
861 635 993 678 nimis
1025 635 1071 678 in
1102 635 1352 678 universum
1378 635 1493 678 dicta
1517 636 1581 678 nil
1611 636 1700 678 fere
1726 636 1887 679 iuvent.

247 706 469 759 Quintus
495 706 631 764 igitur
655 706 766 750 liber
791 710 987 750 versatur
1012 707 1057 749 in
1083 706 1358 750 vocabulis
1384 706 1627 750 locorum.
1667 706 1886 750 Tractatio

78 816 80 819 .
127 779 224 837 ipsa
253 778 407 836 incipit
436 777 707 836 paragrapho
742 778 798 821 14
824 794 849 821 a
879 778 1011 822 locis
1044 781 1087 821 et
1117 778 1342 822 locando
1369 776 1457 836 (14.
1488 777 1581 835 15);
1612 779 1809 836 pergitur
1834 779 1886 821 ad

122 850 239 895 loca
262 853 477 894 naturae
506 850 786 907 bipertita,
810 851 1005 893 caelum
1031 852 1080 893 et
1111 852 1298 892 terram
1321 848 1438 908 (16);
1469 849 1662 893 caelum
1689 850 1886 893 duobus

123 922 291 966 modis
322 921 516 965 dictum
549 921 639 980 (16.
669 921 761 979 17);
795 922 925 965 caeli
957 925 1159 978 etymon
1188 920 1425 980 (18—20);
1457 924 1629 965 terrae
1661 925 1887 978 etymon,

127 994 198 1038 cui
235 993 320 1037 alia
359 994 567 1050 quaedam
602 993 813 1037 vocabula
850 993 1078 1049 adduntur,
1114 995 1141 1036 i.
1174 1008 1209 1036 e.
1246 993 1561 1050 teritorium,
1587 996 1887 1037 extermen-

123 1065 334 1118 tarium,
373 1065 587 1121 tritura,
624 1066 894 1120 trivolum,
931 1065 1202 1120 terminus,
1241 1065 1360 1121 iter,
1398 1065 1497 1120 via,
1530 1068 1694 1121 actus,
1726 1066 1886 1109 ambi-

122 1139 224 1193 tus,
269 1138 381 1180 sola
418 1140 586 1180 terrae
619 1137 707 1195 (21.
740 1136 830 1194 22).
905 1136 1023 1188 Quae
1054 1139 1211 1192 terra,
1256 1136 1426 1179 eadem
1460 1139 1508 1179 et
1541 1137 1741 1194 humus3
1786 1137 1885 1180 inde

124 1207 384 1264 humatus,
427 1208 660 1264 humilis,
703 1210 902 1264 humor,
946 1208 1203 1264 humidus,
1244 1209 1389 1261 udus,
1428 1208 1600 1263 sudor,
1631 1208 1778 1265 udor;
1822 1223 1886 1251 se-

123 1282 281 1323 cuntur
305 1280 467 1336 putei,
496 1280 739 1337 puticuIi,
763 1280 925 1336 lacus,
950 1282 1117 1337 palus,
1143 1283 1402 1337 stagnum,
1426 1280 1645 1337 fluvius,
1671 1280 1885 1337 flumen,

123 1351 304 1406 amnis,
335 1351 538 1395 Tiberis
565 1350 795 1409 (23—30).
848 1351 965 1395 Caeli
990 1352 1241 1409 regionibus
1274 1352 1482 1394 dividitur
1508 1354 1622 1394 terra
1647 1352 1692 1394 in
1712 1350 1885 1395 Asiam

122 1426 173 1466 et
201 1423 477 1480 Europam3
520 1423 674 1467 Asiae
718 1424 853 1467 situs
898 1427 948 1467 et
989 1427 1197 1480 etymon
1229 1422 1347 1481 (31);
1390 1423 1628 1480 Europae
1660 1426 1884 1481 etymon3

121 1495 360 1538 nationes
391 1495 629 1552 Europae
661 1511 938 1552 earumque
970 1496 1190 1552 nomina3
1228 1495 1455 1548 Latium,
1496 1510 1617 1552 ager
1646 1495 1884 1552 Latinus,

123 1566 348 1622 quinque
398 1582 586 1624 genera
628 1582 869 1624 agrorum
913 1566 1002 1624 (32.
1036 1567 1130 1626 33);
1178 1581 1298 1624 ager
1340 1570 1383 1610 et
1427 1582 1554 1623 quae
1599 1581 1708 1609 cum
1761 1581 1885 1624 agro

122 1637 416 1691 cohaerent,
448 1639 474 1682 i.
501 1654 534 1682 e.
569 1642 732 1696 actus,
765 1639 963 1697 iugera,
996 1640 1127 1696 viae,
1163 1639 1339 1694 villae,
1370 1640 1488 1692 iter,
1521 1638 1723 1694 semita,
1757 1653 1886 1681 cam-

121 1725 233 1767 pus,
266 1710 446 1766 colles,
479 1710 665 1767 saltus,
696 1711 904 1764 fundus,
935 1711 1110 1754 vineta
1141 1714 1184 1754 et
1209 1712 1408 1762 vineae,
1442 1725 1588 1768 seges
1621 1713 1663 1753 et
1697 1725 1885 1767 semen,

120 1782 344 1838 fructus,
385 1781 718 1838 frumentum,
761 1797 894 1838 area,
937 1798 1040 1838 ara,
1085 1798 1255 1838 arvus,
1286 1798 1450 1838 arare,
1482 1783 1678 1838 sulcus,
1710 1797 1885 1838 porca,

122 1856 288 1911 prata,
318 1869 456 1909 rura,
487 1854 698 1910 praedia
729 1853 959 1913 (34—40).
1023 1854 1248 1898 Transitur
1279 1855 1334 1898 ad
1370 1854 1564 1897 urbem:
1597 1854 1786 1897 Romae
1818 1855 1885 1897 si-

22 1933 30 1942 ·
122 1926 276 1968 tusi.
314 1940 349 1968 e.
394 1924 815 1982 Septimontium,
869 1925 1205 1983 Capitolium,
1258 1926 1508 1983 Tarpeius
1559 1940 1702 1968 mons
1760 1926 1884 1969 olim

127 1995 422 2053 Saturnius,
473 1995 735 2050 Saturnia,
787 1997 1000 2041 Saturni
1044 1998 1211 2053 aedes,
1253 1997 1563 2053 Aventinus,
1608 1997 1886 2040 Velabrum

124 2066 358 2126 (41—44);
389 2068 590 2124 reliqua
621 2068 764 2112 urbis
795 2069 926 2124 loca,
959 2070 985 2112 i.
1012 2085 1045 2114 e.
1079 2069 1271 2113 sacella
1301 2069 1609 2127 Argeorum,
1640 2070 1885 2126 regiones

122 2140 264 2182 urbis
303 2154 415 2182 cum
448 2139 691 2195 collibus,
735 2140 968 2196 aedibus,
1010 2142 1143 2184 lucis
1176 2139 1412 2199 (45—54);
1456 2140 1626 2183 tribus
1665 2139 1755 2198 (55.
1789 2139 1881 2198 56).

122 2210 233 2254 Tum
265 2211 317 2254 de
347 2210 428 2254 his
461 2226 587 2267 quae
619 2212 671 2254 in
700 2212 832 2256 locis
865 2227 975 2255 esse
1006 2214 1177 2255 solent
1208 2212 1452 2256 mortalia
1483 2214 1531 2255 et
1563 2212 1887 2254 immortalia

121 2283 194 2340 agi
235 2282 458 2339 incipitur:
504 2281 710 2326 Caelum
759 2286 809 2326 et
852 2283 1008 2327 Terra
1057 2284 1155 2340 dei,
1206 2284 1324 2339 quod
1372 2284 1539 2327 anima
1583 2286 1633 2326 et
1679 2297 1885 2339 corpus3

121 2355 288 2398 iuncti
328 2357 512 2397 cuncta
551 2369 610 2397 ex
651 2370 702 2398 se
744 2358 1035 2412 genuerunt
1067 2354 1278 2413 (initia),
1322 2355 1555 2399 discessu
1597 2355 1795 2398 exitum
1837 2358 1886 2397 et

121 2426 337 2469 exitium
378 2426 645 2483 efficiunt3
689 2441 871 2470 causae
911 2427 1176 2484 nascendi,
1220 2427 1299 2470 vis
1344 2427 1581 2482 Veneris,
1626 2425 1884 2481 Victoria,

122 2497 230 2540 vita
261 2495 496 2554 (57—63);
529 2496 785 2541 Saturnus
817 2501 861 2541 et
893 2497 1012 2556 Ops3
1046 2498 1220 2555 Ceres,
1257 2498 1475 2556 Iupiter,
1507 2498 1652 2554 Iuno,
1685 2498 1778 2541 alii
1812 2498 1885 2540 dii

32 2611 34 2614 ,
125 2567 278 2611 multi
310 2568 538 2626 (64—74).
597 2568 811 2613 Secuntur
841 2570 1085 2613 mortalia
1116 2585 1243 2626 quae
1275 2574 1394 2614 sunt
1432 2571 1483 2613 in
1516 2570 1751 2627 ἢδη-(75.
1789 2568 1884 2627 76);

124 2639 434 2694 aquatilium
473 2641 774 2684 animalium
805 2642 1016 2685 vocabula
1046 2641 1163 2700 (77);
1208 2642 1475 2698 amphibia
1513 2640 1602 2699 (78.
1638 2639 1733 2699 79);
1777 2641 1886 2684 ani-

124 2710 288 2763 malia,
326 2712 377 2754 in
425 2711 557 2755 locis
600 2713 960 2756 terrestribus:
1014 2713 1265 2770 homines,
1320 2729 1492 2757 eorum
1538 2713 1884 2770 magistratus

124 2780 359 2840 (80—82);
404 2783 699 2827 sacerdotes
731 2783 966 2842 (83—86);
1009 2800 1089 2828 res
1121 2785 1370 2828 militaris
1402 2783 1639 2843 (87—91);
1671 2784 1882 2828 vocabula

124 2853 364 2899 fortunae
395 2852 511 2912 (92);
548 2854 785 2898 artifices
818 2858 867 2899 et
904 2856 996 2899 alii
1028 2854 1117 2913 (93.
1150 2855 1247 2914 94);
1291 2859 1460 2899 cetera
1498 2856 1762 2899 animalia:
1803 2870 1884 2911 pe-

125 2937 243 2967 cora
273 2923 509 2984 (95—99);
544 2926 684 2970 ferae
715 2925 834 2984 (100.
870 2926 988 2985 101).
1048 2927 1251 2971 Proxima
1282 2928 1485 2971 animalia
1522 2930 1624 2970 sunt
1662 2942 1718 2971 ea
1755 2941 1883 2983 quae

126 2995 301 3039 vivere
333 2996 574 3040 dicuntur
599 3012 762 3054 neque
788 2998 976 3042 habere
1002 2999 1240 3056 animam,
1271 3002 1321 3043 ut
1346 2999 1577 3056 virgulta
1603 2995 1882 3054 (102—104).
