2144 3340
809 113 1179 153 PROLEGOMENA
1757 112 1874 149 xnm

112 226 225 285 hae,
266 226 382 282 heu,
426 226 649 284 iurgium
693 223 796 283 (hoc
838 227 1017 282 propter
1058 223 1203 267 Plauti
1248 237 1418 266 versum
1463 226 1563 266 ante
1606 222 1714 267 duos
1757 221 1870 266 Enni

114 312 335 356 unumque
371 296 561 354 Pompili
597 297 718 341 locos
761 295 1047 352 exscriptum,
1090 293 1187 352 93),
1230 295 1430 351 clepere
1482 292 1599 351 (94),
1642 293 1875 337 mandier

113 369 232 429 (95),
261 369 544 414 obscenum
571 368 745 427 (scena
770 381 975 423 scaena,
1001 366 1087 409 alia
1111 366 1302 409 eiusdem
1328 366 1640 422 discrepantiae
1666 365 1875 423 exempla,

114 440 183 486 96.
203 439 301 500 97),
331 441 469 484 crevi
496 439 615 499 (98),
641 440 886 496 frequens
915 441 959 481 et
990 437 1238 481 adsiduus
1258 435 1375 495 (99);
1407 437 1580 480 fodari
1612 435 1681 495 (ut
1707 437 1874 493 supple-

113 513 266 570 vimus,
299 511 425 570 100);
456 525 684 556 mussare
716 508 956 569 (vinculum
989 512 1055 552 est
1086 509 1132 552 in
1163 508 1306 552 verbis
1338 508 1472 552 Ennii
1510 508 1726 552 vocibus
1758 523 1874 552 con-

114 584 244 640 oide,
276 582 400 642 101),
432 596 773 627 averruncare
799 580 939 639 (102).
991 580 1206 625 Secuntur
1235 580 1542 624 animalium
1574 594 1724 623 voces
1750 579 1874 637 (103.

117 654 241 715 104),
277 670 437 699 nexus
468 653 614 712 (105);
659 654 917 697 delicuum
949 656 992 696 et
1029 652 1253 709 liquitur
1284 650 1431 711 (106);
1476 666 1632 709 agmen
1663 652 1876 695 claudunt

114 727 366 772 vocabula
411 726 780 785 glossematica
826 740 885 768 ex
929 724 1115 768 Naevii
1159 724 1445 767 comoediis
1489 726 1539 767 et
1583 723 1874 781 tragoediis

114 798 411 843 litterarum
437 798 617 842 ordine
644 797 867 855 digestis
887 799 931 840 et
950 811 1003 840 ex
1030 795 1165 839 bello
1191 795 1384 840 Punico
1405 798 1607 852 excerpta
1620 794 1740 853 (107.
1758 794 1875 852 108).

114 870 183 915 Ex
208 871 292 915 hoc
316 884 494 914 recensu
519 872 700 927 apparet
725 869 889 912 ordinis
915 869 1126 912 rationem
1159 869 1331 924 saepius
1364 868 1591 911 obscuram
1623 882 1734 911 esse:
1766 882 1876 923 quae

115 942 356 986 obscuritas
387 942 572 986 fortasse
597 942 875 997 minueretur,
907 941 944 984 si
976 941 1027 984 de
1052 940 1249 984 fontibus
1275 940 1436 996 ubique
1462 942 1691 983 constaret.
1742 939 1876 982 Velut

119 1015 237 1071 quod
256 1014 396 1058 Varro
416 1013 502 1058 VII
522 1013 579 1057 93
599 1014 978 1057 Menaechmorum
1005 1027 1175 1056 versum
1202 1012 1283 1055 127
1311 1014 1489 1068 propter
1514 1011 1654 1054 ‘euax'
1682 1012 1873 1055 excitans

117 1089 219 1143 post
249 1085 355 1129 alias
387 1085 708 1129 interiectiones
740 1099 838 1128 cum
872 1084 1080 1141 exemplis
1112 1084 1328 1127 exhibitas
1360 1083 1504 1141 pergit
1535 1083 1581 1126 in
1614 1084 1786 1141 ‘iurgio'
1821 1097 1874 1126 ex

116 1159 267 1202 eodem
285 1172 411 1201 versu
430 1156 684 1213 explicando
705 1157 962 1212 similiaque,
981 1157 1054 1199 vix
1073 1156 1199 1199 aliter
1217 1155 1418 1211 expedies
1440 1170 1570 1211 quam
1590 1169 1643 1198 ex
1662 1169 1877 1198 commen-

114 1229 236 1273 tariis
267 1228 322 1272 ad
347 1228 492 1272 Plauti
517 1228 684 1272 fabulas
711 1229 780 1272 vel
803 1243 857 1272 ex
883 1227 1234 1279 ‘Quaestionibus
1259 1226 1490 1271 Plautinis’
1517 1226 1738 1270 adhibitis.
1790 1224 1875 1268 Sed

115 1301 198 1345 etsi
230 1300 283 1344 de
322 1301 402 1343 hac
436 1315 480 1343 re
511 1300 694 1356 aliisque
736 1300 949 1343 sententia
986 1299 1233 1342 confirmari
1273 1301 1439 1356 posset,
1480 1313 1534 1341 ne
1574 1300 1668 1340 tum
1701 1297 1875 1354 quidem

115 1373 253 1430 ipsius
294 1363 482 1415 auctoris
521 1372 689 1414 arbitrii
720 1371 904 1427 vestigia
934 1373 1151 1414 remotum
1189 1370 1244 1412 iri
1281 1371 1427 1412 omnia
1459 1369 1720 1426 sperandum
1753 1371 1875 1412 esset.

236 1442 322 1487 Sed
351 1446 582 1499 antequam
613 1443 912 1486 continuemus
947 1443 1261 1499 expositionem
1294 1442 1346 1484 de
1378 1442 1527 1485 ordine
1558 1441 1628 1483 vel
1660 1441 1878 1483 disordine

115 1515 430 1568 brevissimam,
475 1515 526 1557 de
569 1514 809 1558 fontibus
851 1515 1008 1557 horum
1045 1514 1252 1557 librorum
1289 1513 1596 1570 disputandum
1629 1515 1712 1569 est,
1755 1513 1877 1555 cuius

117 1586 423 1644 disputationis
464 1587 511 1629 in
550 1586 629 1628 hac
671 1586 807 1628 triade
839 1586 981 1628 simile
1013 1600 1105 1629 esse
1135 1586 1466 1629 fundamentum
1497 1588 1541 1628 et
1571 1585 1624 1628 ab
1658 1584 1719 1627 eis
1752 1584 1878 1627 libris

116 1658 191 1716 qui
223 1661 424 1701 secuntur
454 1658 669 1701 diversum
701 1660 898 1700 constare
931 1671 1191 1700 censeamus.
1242 1657 1437 1700 Primum
1468 1657 1583 1699 enim
1616 1656 1691 1712 qui
1722 1656 1877 1699 tertius

116 1733 182 1774 est
212 1730 323 1774 liber
354 1745 451 1773 eum
484 1744 583 1774 cum
614 1730 832 1786 prioribus
859 1731 1086 1772 cohaerere
1111 1730 1184 1786 ita,
1217 1732 1266 1771 ut
1291 1743 1344 1771 ex
1370 1728 1626 1772 tractatibus
1652 1729 1698 1771 in
1724 1729 1877 1784 quinto

115 1802 227 1846 libro
259 1805 303 1846 et
333 1803 455 1844 sexto
488 1801 694 1844 adhibitis
727 1816 836 1858 quae
869 1802 922 1844 ad
953 1802 1124 1858 poetica
1154 1801 1364 1844 vocabula
1394 1801 1660 1857 pertinerent
1692 1801 1877 1856 septimo

116 1873 228 1918 libro
272 1874 576 1929 insererentur,
621 1874 785 1929 optime
816 1873 1177 1917 Reitzenstein
1206 1873 1233 1915 1.
1261 1888 1292 1916 s.
1318 1887 1350 1916 s.
1389 1871 1449 1930 (p.
1477 1873 1530 1915 31
1548 1871 1660 1930 sqq.)
1705 1871 1879 1914 demon-

118 1945 283 1989 stravit.
357 1943 468 1987 Tum
511 1959 612 1988 vero
650 1944 719 1987 his
755 1945 894 1988 tribus
931 1945 1056 1988 libris
1094 1947 1162 1988 tot
1201 1960 1269 1988 res
1301 1959 1409 2000 quas
1441 1944 1555 2000 apud
1587 1943 1879 2000 antiquarium

118 2017 264 2073 potius
296 2031 476 2072 quaeras
508 2031 635 2071 quam
668 2017 997 2074 grammaticum
1031 2017 1324 2071 continentur,
1367 2019 1418 2059 ut
1453 2016 1762 2071 antiquitatum
1794 2015 1879 2057 Ro-

118 2102 343 2131 manarum
382 2087 502 2130 locos
543 2102 630 2131 non
662 2102 821 2144 paucos
853 2089 915 2130 eis
946 2088 1171 2131 commode
1203 2088 1412 2131 illustrari
1445 2088 1537 2130 iure
1570 2087 1698 2129 dicas.
1774 2085 1880 2136 Quis

119 2159 164 2202 in
195 2159 489 2217 grammaticis
519 2159 644 2202 libris
677 2162 853 2215 quaeret
883 2159 1099 2215 triplicem
1133 2159 1184 2202 de
1208 2160 1305 2202 lacu
1332 2157 1483 2202 Curtio
1509 2158 1750 2213 historiam,
1782 2158 1879 2213 quis

117 2231 344 2288 regionum
382 2233 625 2274 accuratam
664 2230 1016 2287 descriptionem,
1061 2231 1232 2286 qualem
1269 2229 1454 2288 legimus
1485 2246 1526 2286 p.
1557 2229 1611 2272 16
1629 2244 1739 2285 sqq„
1783 2229 1880 2284 quis

118 2303 344 2358 mensium,
387 2302 565 2359 dierum,
605 2303 810 2346 feriarum
841 2305 1053 2347 tractatus
1084 2304 1206 2345 tanta
1238 2302 1506 2360 singularum
1538 2316 1680 2344 rerum
1712 2301 1880 2343 ratione

119 2373 269 2417 habita
301 2374 546 2417 confectos?
618 2373 771 2425 Qualia
802 2375 882 2418 etsi
915 2375 961 2417 in
993 2375 1177 2431 septimo
1208 2374 1321 2417 libro
1354 2376 1689 2417 consentaneum
1721 2375 1787 2415 est
1817 2387 1881 2415 ra-

119 2445 234 2490 riora
264 2460 370 2501 esse,
402 2449 548 2489 tamen
578 2461 632 2489 ne
662 2446 734 2489 hic
767 2445 941 2502 quidem
973 2460 1150 2502 prorsus
1183 2445 1388 2489 deficiunt
1421 2446 1493 2503 (cf.
1523 2445 1590 2487 10.
1618 2445 1685 2488 17.
1712 2444 1782 2487 34.
1809 2444 1878 2487 37.

121 2517 190 2560 39.
216 2517 286 2560 44.
311 2517 382 2574 45,
408 2516 523 2575 alia).
586 2516 705 2569 Quae
737 2518 882 2561 omnia
912 2519 1006 2561 iure
1037 2519 1302 2574 miraremur,
1333 2517 1418 2560 nisi
1449 2516 1658 2560 Varronis
1690 2515 1880 2559 indolem

121 2591 210 2632 tam
243 2588 298 2632 ad
329 2589 593 2645 antiquarias
625 2604 754 2646 quam
787 2590 842 2632 ad
873 2590 1176 2647 grammaticas
1208 2590 1482 2645 quaestiones
1508 2589 1671 2644 pariter
1697 2602 1879 2644 propen-

121 2674 212 2703 sam
236 2660 369 2702 fuisse
395 2662 624 2716 constaret,
643 2663 693 2703 ut
710 2660 1036 2717 Antiquitatum
1063 2660 1164 2704 libri
1189 2660 1308 2717 pleni
1328 2675 1471 2703 rerum
1491 2660 1880 2717 grammaticarum,

122 2731 393 2788 grammatici
418 2732 758 2788 antiquariarum
784 2733 1087 2789 quaestionum
1113 2732 1261 2775 referti
1286 2734 1402 2776 recte
1428 2732 1627 2775 dicantur
1652 2729 1725 2788 (cf.
1748 2729 1881 2773 Goetz

120 2801 148 2845 l.
174 2817 207 2845 s.
234 2817 265 2847 s.
291 2818 332 2860 p.
359 2803 526 2862 3sqq.).
588 2803 734 2860 Atque
764 2819 810 2847 re
842 2796 942 2848 vera
973 2805 1024 2847 de
1057 2804 1207 2846 multis
1239 2803 1567 2859 quaestionibus
1599 2817 1709 2858 quae
1742 2802 1787 2845 in
1811 2801 1880 2843 his

122 2872 246 2917 libris
286 2877 527 2918 tractantur
568 2875 746 2918 eundem
780 2874 1021 2918 Varronem
1053 2878 1179 2918 antea
1210 2875 1255 2917 in
1286 2874 1612 2931 Antiquitatum
1643 2874 1767 2916 libris
1799 2873 1882 2915 dis-

122 2945 343 3000 putavisse
375 2949 539 2990 certum
571 2948 648 3002 est,
679 2947 726 2990 in
756 2942 926 3002 quibus,
960 2948 1007 2989 ut
1032 2947 1228 3002 exempla
1253 2961 1477 3002 ponamus,
1509 2946 1561 2988 de
1586 2945 1806 2988 mensibus
1832 2959 1882 2987 ac

123 3015 287 3073 diebus,
313 3016 365 3059 de
390 3017 522 3074 feriis,
552 3017 678 3073 ludis,
703 3017 755 3061 de
781 3017 875 3073 diis,
909 3018 960 3060 de
986 3018 1311 3075 magistratibus
1337 3020 1380 3060 et
1404 3033 1450 3060 re
1476 3017 1667 3072 militari,
1700 3016 1752 3058 de
1777 3030 1881 3071 pon-
