<?xml version="1.0" encoding="UTF-8"?>
<!DOCTYPE html PUBLIC "-//W3C//DTD XHTML 1.0 Transitional//EN"
    "http://www.w3.org/TR/xhtml1/DTD/xhtml1-transitional.dtd">
<html xmlns="http://www.w3.org/1999/xhtml" xml:lang="en" lang="en">
 <head>
  <title>
</title>
<meta http-equiv="Content-Type" content="text/html;charset=utf-8" />
  <meta name='ocr-system' content='tesseract 3.04.00' />
  <meta name='ocr-capabilities' content='ocr_page ocr_carea ocr_par ocr_line ocrx_word'/>
</head>
<body>
  <div class='ocr_page' id='page_1' title='image "./marcusdelingua00varruoft_0014.png"; bbox 0 0 2144 3340; ppageno 0'>
   <div class='ocr_carea' id='block_1_1' title="bbox 293 155 1347 194">
    <p class='ocr_par' dir='ltr' id='par_1_1' title="bbox 293 155 1347 194">
     <span class='ocr_line' id='line_1_1' title="bbox 293 155 1347 194; baseline 0.004 -4"><span class='ocrx_word' id='word_1_1' title='bbox 293 156 325 190; x_wconf 90' lang='lat' dir='ltr'>X</span> <span class='ocrx_word' id='word_1_2' title='bbox 978 155 1347 194; x_wconf 82' lang='lat' dir='ltr'><strong>PROLEGOMENA</strong></span> 
     </span>
    </p>
   </div>
   <div class='ocr_carea' id='block_1_2' title="bbox 287 264 2090 1674">
    <p class='ocr_par' dir='ltr' id='par_1_2' title="bbox 287 264 2090 1674">
     <span class='ocr_line' id='line_1_2' title="bbox 289 264 2060 327; baseline 0.004 -20"><span class='ocrx_word' id='word_1_3' title='bbox 289 280 342 307; x_wconf 83' lang='lat' dir='ltr'><strong>ex</strong></span> <span class='ocrx_word' id='word_1_4' title='bbox 374 264 733 321; x_wconf 59' lang='lat' dir='ltr'><strong>Antiquitatibus»,</strong></span> <span class='ocrx_word' id='word_1_5' title='bbox 764 281 816 307; x_wconf 85' lang='lat' dir='ltr'><strong>ex</strong></span> <span class='ocrx_word' id='word_1_6' title='bbox 848 266 1002 321; x_wconf 90' lang='lat' dir='ltr'><strong>quibus</strong></span> <span class='ocrx_word' id='word_1_7' title='bbox 1028 266 1166 309; x_wconf 90' lang='lat' dir='ltr'><strong>Varro</strong></span> <span class='ocrx_word' id='word_1_8' title='bbox 1197 268 1243 310; x_wconf 90' lang='lat' dir='ltr'><strong>in</strong></span> <span class='ocrx_word' id='word_1_9' title='bbox 1275 267 1401 310; x_wconf 88' lang='lat' dir='ltr'><strong>rebus</strong></span> <span class='ocrx_word' id='word_1_10' title='bbox 1433 270 1723 325; x_wconf 75' lang='lat' dir='ltr'><strong>grammaticis</strong></span> <span class='ocrx_word' id='word_1_11' title='bbox 1749 270 1905 326; x_wconf 86' lang='lat' dir='ltr'><strong>hausit,</strong></span> <span class='ocrx_word' id='word_1_12' title='bbox 1935 286 2060 327; x_wconf 89' lang='lat' dir='ltr'><strong>pen——</strong></span> 
     </span>
     <span class='ocr_line' id='line_1_3' title="bbox 290 335 2090 398; baseline 0.004 -21"><span class='ocrx_word' id='word_1_13' title='bbox 290 336 390 378; x_wconf 88' lang='lat' dir='ltr'><strong>dere</strong></span> <span class='ocrx_word' id='word_1_14' title='bbox 422 337 550 378; x_wconf 89' lang='lat' dir='ltr'><strong>etiam</strong></span> <span class='ocrx_word' id='word_1_15' title='bbox 577 335 789 392; x_wconf 87' lang='lat' dir='ltr'><strong>Verrium,</strong></span> <span class='ocrx_word' id='word_1_16' title='bbox 821 337 941 379; x_wconf 89' lang='lat' dir='ltr'><strong>cuius</strong></span> <span class='ocrx_word' id='word_1_17' title='bbox 967 338 1214 393; x_wconf 78' lang='lat' dir='ltr'><strong>ceteroquin</strong></span> <span class='ocrx_word' id='word_1_18' title='bbox 1240 339 1429 381; x_wconf 89' lang='lat' dir='ltr'><strong>rationes</strong></span> <span class='ocrx_word' id='word_1_19' title='bbox 1454 354 1628 395; x_wconf 90' lang='lat' dir='ltr'><strong>prorsus</strong></span> <span class='ocrx_word' id='word_1_20' title='bbox 1655 341 1845 384; x_wconf 86' lang='lat' dir='ltr'><strong>diversae</strong></span> <span class='ocrx_word' id='word_1_21' title='bbox 1875 342 2036 398; x_wconf 79' lang='lat' dir='ltr'><strong>fuerint</strong></span> <span class='ocrx_word' id='word_1_22' title='bbox 2087 353 2090 357; x_wconf 89' lang='grc'>’</span> 
     </span>
     <span class='ocr_line' id='line_1_4' title="bbox 290 407 2036 469; baseline 0.003 -20"><span class='ocrx_word' id='word_1_23' title='bbox 290 423 317 449; x_wconf 90' lang='lat' dir='ltr'><strong>a</strong></span> <span class='ocrx_word' id='word_1_24' title='bbox 336 407 632 462; x_wconf 89' lang='lat' dir='ltr'><strong>Varronianis,</strong></span> <span class='ocrx_word' id='word_1_25' title='bbox 662 407 772 449; x_wconf 85' lang='lat' dir='ltr'><strong>infra</strong></span> <span class='ocrx_word' id='word_1_26' title='bbox 804 409 1042 451; x_wconf 69' lang='lat' dir='ltr'><strong>accuratius</strong></span> <span class='ocrx_word' id='word_1_27' title='bbox 1075 409 1309 452; x_wconf 84' lang='lat' dir='ltr'><strong>docebitur.</strong></span> <span class='ocrx_word' id='word_1_28' title='bbox 1359 410 1641 453; x_wconf 83' lang='lat' dir='ltr'><strong>Remmium</strong></span> <span class='ocrx_word' id='word_1_29' title='bbox 1668 411 2036 469; x_wconf 83' lang='lat' dir='ltr'><strong>Palaemonem,</strong></span> 
     </span>
     <span class='ocr_line' id='line_1_5' title="bbox 289 478 2036 537; baseline 0.003 -17"><span class='ocrx_word' id='word_1_30' title='bbox 289 479 592 534; x_wconf 84' lang='lat' dir='ltr'><strong>grammaticae</strong></span> <span class='ocrx_word' id='word_1_31' title='bbox 617 478 777 521; x_wconf 90' lang='lat' dir='ltr'><strong>latinae</strong></span> <span class='ocrx_word' id='word_1_32' title='bbox 801 493 914 521; x_wconf 86' lang='lat' dir='ltr'><strong>nova</strong></span> <span class='ocrx_word' id='word_1_33' title='bbox 938 480 1105 522; x_wconf 88' lang='lat' dir='ltr'><strong>ratione</strong></span> <span class='ocrx_word' id='word_1_34' title='bbox 1131 481 1377 523; x_wconf 86' lang='lat' dir='ltr'><strong>tractandae</strong></span> <span class='ocrx_word' id='word_1_35' title='bbox 1401 482 1653 537; x_wconf 83' lang='lat' dir='ltr'><strong>principem,</strong></span> <span class='ocrx_word' id='word_1_36' title='bbox 1686 483 1766 525; x_wconf 89' lang='lat' dir='ltr'><strong>etsi</strong></span> <span class='ocrx_word' id='word_1_37' title='bbox 1798 486 1912 526; x_wconf 82' lang='lat' dir='ltr'><strong>certa</strong></span> <span class='ocrx_word' id='word_1_38' title='bbox 1930 483 2036 526; x_wconf 88' lang='lat' dir='ltr'><strong>Var-</strong></span> 
     </span>
     <span class='ocr_line' id='line_1_6' title="bbox 291 549 2037 611; baseline 0.004 -21"><span class='ocrx_word' id='word_1_39' title='bbox 291 550 408 592; x_wconf 89' lang='lat' dir='ltr'><strong>ronis</strong></span> <span class='ocrx_word' id='word_1_40' title='bbox 439 549 622 605; x_wconf 86' lang='lat' dir='ltr'><strong>vestigia</strong></span> <span class='ocrx_word' id='word_1_41' title='bbox 662 549 708 591; x_wconf 93' lang='lat' dir='ltr'><strong>in</strong></span> <span class='ocrx_word' id='word_1_42' title='bbox 748 549 998 607; x_wconf 85' lang='lat' dir='ltr'><strong>fragmentis</strong></span> <span class='ocrx_word' id='word_1_43' title='bbox 1031 550 1319 594; x_wconf 82' lang='lat' dir='ltr'><strong>desideramus</strong></span> <span class='ocrx_word' id='word_1_44' title='bbox 1350 576 1409 582; x_wconf 93' lang='lat'><strong>—</strong></span> <span class='ocrx_word' id='word_1_45' title='bbox 1430 568 1539 610; x_wconf 72' lang='lat' dir='ltr'><strong>¹nam</strong></span> <span class='ocrx_word' id='word_1_46' title='bbox 1580 555 1784 596; x_wconf 88' lang='lat' dir='ltr'><strong>terminos</strong></span> <span class='ocrx_word' id='word_1_47' title='bbox 1825 569 2037 611; x_wconf 88' lang='lat' dir='ltr'><strong>gramma-</strong></span> 
     </span>
     <span class='ocr_line' id='line_1_7' title="bbox 289 619 2037 680; baseline 0.003 -18"><span class='ocrx_word' id='word_1_48' title='bbox 289 621 399 663; x_wconf 88' lang='lat' dir='ltr'><strong>ticos</strong></span> <span class='ocrx_word' id='word_1_49' title='bbox 411 619 445 678; x_wconf 87' lang='lat'><strong>¹)</strong></span> <span class='ocrx_word' id='word_1_50' title='bbox 479 621 636 676; x_wconf 89' lang='lat' dir='ltr'><strong>quibus</strong></span> <span class='ocrx_word' id='word_1_51' title='bbox 667 635 763 663; x_wconf 90' lang='lat' dir='ltr'><strong>cum</strong></span> <span class='ocrx_word' id='word_1_52' title='bbox 804 621 880 663; x_wconf 91' lang='lat' dir='ltr'><strong>illo</strong></span> <span class='ocrx_word' id='word_1_53' title='bbox 913 622 1125 664; x_wconf 89' lang='lat' dir='ltr'><strong>consentit</strong></span> <span class='ocrx_word' id='word_1_54' title='bbox 1156 625 1301 664; x_wconf 91' lang='lat' dir='ltr'><strong>utrum</strong></span> <span class='ocrx_word' id='word_1_55' title='bbox 1333 622 1472 665; x_wconf 89' lang='lat' dir='ltr'><strong>Varro</strong></span> <span class='ocrx_word' id='word_1_56' title='bbox 1504 624 1810 680; x_wconf 82' lang='lat' dir='ltr'><strong>excogitaverit</strong></span> <span class='ocrx_word' id='word_1_57' title='bbox 1850 639 1905 667; x_wconf 87' lang='lat' dir='ltr'><strong>an</strong></span> <span class='ocrx_word' id='word_1_58' title='bbox 1941 623 2037 680; x_wconf 62' lang='lat' dir='ltr'><strong>pro&#39;-</strong></span> 
     </span>
     <span class='ocr_line' id='line_1_8' title="bbox 293 691 2036 752; baseline 0.003 -19"><span class='ocrx_word' id='word_1_59' title='bbox 293 692 517 748; x_wconf 85' lang='lat' dir='ltr'><strong>pagaverit</strong></span> <span class='ocrx_word' id='word_1_60' title='bbox 556 706 659 734; x_wconf 88' lang='lat' dir='ltr'><strong>usus</strong></span> <span class='ocrx_word' id='word_1_61' title='bbox 701 691 861 734; x_wconf 88' lang='lat' dir='ltr'><strong>dudum</strong></span> <span class='ocrx_word' id='word_1_62' title='bbox 903 692 1088 734; x_wconf 86' lang='lat' dir='ltr'><strong>inventis</strong></span> <span class='ocrx_word' id='word_1_63' title='bbox 1130 707 1255 750; x_wconf 86' lang='lat' dir='ltr'><strong>aegre</strong></span> <span class='ocrx_word' id='word_1_64' title='bbox 1293 693 1450 736; x_wconf 84' lang='lat' dir='ltr'><strong>dixeris</strong></span> <span class='ocrx_word' id='word_1_65' title='bbox 1483 719 1538 724; x_wconf 87' lang='lat'><strong>—</strong></span> <span class='ocrx_word' id='word_1_66' title='bbox 1577 693 1667 736; x_wconf 90' lang='lat' dir='ltr'><strong>eius</strong></span> <span class='ocrx_word' id='word_1_67' title='bbox 1707 695 1842 737; x_wconf 90' lang='lat' dir='ltr'><strong>libros</strong></span> <span class='ocrx_word' id='word_1_68' title='bbox 1881 695 2036 752; x_wconf 85' lang='lat' dir='ltr'><strong>legisse</strong></span> 
     </span>
     <span class='ocr_line' id='line_1_9' title="bbox 287 762 2038 823; baseline 0.002 -18"><span class='ocrx_word' id='word_1_69' title='bbox 287 765 623 805; x_wconf 86' lang='lat' dir='ltr'><strong>consentaneum</strong></span> <span class='ocrx_word' id='word_1_70' title='bbox 649 765 731 806; x_wconf 90' lang='lat' dir='ltr'><strong>est:</strong></span> <span class='ocrx_word' id='word_1_71' title='bbox 766 764 820 805; x_wconf 87' lang='lat' dir='ltr'><strong>ad</strong></span> <span class='ocrx_word' id='word_1_72' title='bbox 851 763 965 819; x_wconf 90' lang='lat' dir='ltr'><strong>ipsos</strong></span> <span class='ocrx_word' id='word_1_73' title='bbox 999 778 1053 806; x_wconf 89' lang='lat' dir='ltr'><strong>an</strong></span> <span class='ocrx_word' id='word_1_74' title='bbox 1084 763 1168 806; x_wconf 90' lang='lat' dir='ltr'><strong>alio</strong></span> <span class='ocrx_word' id='word_1_75' title='bbox 1193 764 1436 819; x_wconf 89' lang='lat' dir='ltr'><strong>pertineant</strong></span> <span class='ocrx_word' id='word_1_76' title='bbox 1464 764 1659 808; x_wconf 85' lang='lat' dir='ltr'><strong>Suetonii</strong></span> <span class='ocrx_word' id='word_1_77' title='bbox 1685 763 1743 822; x_wconf 88' lang='lat' dir='ltr'><strong>(p.</strong></span> <span class='ocrx_word' id='word_1_78' title='bbox 1764 764 1870 823; x_wconf 83' lang='lat'>217)</span> <span class='ocrx_word' id='word_1_79' title='bbox 1895 762 2038 822; x_wconf 80' lang='lat' dir='ltr'><strong>verba,</strong></span> 
     </span>
     <span class='ocr_line' id='line_1_10' title="bbox 290 834 2048 892; baseline 0.001 -16"><span class='ocrx_word' id='word_1_80' title='bbox 290 834 448 889; x_wconf 90' lang='lat' dir='ltr'><strong>quibus</strong></span> <span class='ocrx_word' id='word_1_81' title='bbox 488 834 610 877; x_wconf 88' lang='lat' dir='ltr'><strong>illum</strong></span> <span class='ocrx_word' id='word_1_82' title='bbox 651 848 828 890; x_wconf 90' lang='lat' dir='ltr'><strong>porcum</strong></span> <span class='ocrx_word' id='word_1_83' title='bbox 869 837 1106 890; x_wconf 85' lang='lat' dir='ltr'><strong>appellasse</strong></span> <span class='ocrx_word' id='word_1_84' title='bbox 1148 835 1348 877; x_wconf 90' lang='lat' dir='ltr'><strong>docemur</strong></span> <span class='ocrx_word' id='word_1_85' title='bbox 1385 861 1443 866; x_wconf 93' lang='lat'>—</span> <span class='ocrx_word' id='word_1_86' title='bbox 1482 851 1566 891; x_wconf 92' lang='lat' dir='ltr'><strong>quo</strong></span> <span class='ocrx_word' id='word_1_87' title='bbox 1608 835 1798 891; x_wconf 89' lang='lat' dir='ltr'><strong>epitheto</strong></span> <span class='ocrx_word' id='word_1_88' title='bbox 1839 835 2048 892; x_wconf 86' lang='lat' dir='ltr'><strong>inprimis.</strong></span> 
     </span>
     <span class='ocr_line' id='line_1_11' title="bbox 292 905 2037 964; baseline 0.001 -17"><span class='ocrx_word' id='word_1_89' title='bbox 292 905 461 947; x_wconf 88' lang='lat' dir='ltr'><strong>dicendi</strong></span> <span class='ocrx_word' id='word_1_90' title='bbox 498 920 631 961; x_wconf 87' lang='lat' dir='ltr'><strong>genus</strong></span> <span class='ocrx_word' id='word_1_91' title='bbox 670 905 934 948; x_wconf 90' lang='lat' dir='ltr'><strong>salebrosum</strong></span> <span class='ocrx_word' id='word_1_92' title='bbox 965 907 1106 949; x_wconf 90' lang='lat' dir='ltr'><strong>notari</strong></span> <span class='ocrx_word' id='word_1_93' title='bbox 1142 906 1380 962; x_wconf 87' lang='lat' dir='ltr'><strong>probabilis</strong></span> <span class='ocrx_word' id='word_1_94' title='bbox 1409 905 1602 950; x_wconf 89' lang='lat' dir='ltr'><strong>Nordeni</strong></span> <span class='ocrx_word' id='word_1_95' title='bbox 1643 905 1841 964; x_wconf 55' lang='lat' dir='ltr'><strong>(Antike</strong></span> <span class='ocrx_word' id='word_1_96' title='bbox 1878 906 2037 950; x_wconf 82' lang='lat' dir='ltr'><strong>Kunst-</strong></span> 
     </span>
     <span class='ocr_line' id='line_1_12' title="bbox 293 975 2037 1033; baseline 0.002 -16"><span class='ocrx_word' id='word_1_97' title='bbox 293 977 435 1031; x_wconf 88' lang='lat' dir='ltr'><strong>prosa&#39;</strong></span> <span class='ocrx_word' id='word_1_98' title='bbox 455 992 494 1032; x_wconf 91' lang='lat' dir='ltr'><strong>p.</strong></span> <span class='ocrx_word' id='word_1_99' title='bbox 513 975 615 1032; x_wconf 84' lang='lat'>195)</span> <span class='ocrx_word' id='word_1_100' title='bbox 640 977 883 1020; x_wconf 89' lang='lat' dir='ltr'><strong>coniectura</strong></span> <span class='ocrx_word' id='word_1_101' title='bbox 909 979 974 1019; x_wconf 90' lang='lat' dir='ltr'><strong>est</strong></span> <span class='ocrx_word' id='word_1_102' title='bbox 993 1002 1051 1007; x_wconf 90' lang='lat'>—</span> <span class='ocrx_word' id='word_1_103' title='bbox 1071 977 1281 1020; x_wconf 91' lang='lat' dir='ltr'><strong>incertum</strong></span> <span class='ocrx_word' id='word_1_104' title='bbox 1302 978 1481 1020; x_wconf 87' lang='lat' dir='ltr'><strong>videtur.</strong></span> <span class='ocrx_word' id='word_1_105' title='bbox 1524 977 1723 1020; x_wconf 74' lang='lat' dir='ltr'><strong>Fortasse</strong></span> <span class='ocrx_word' id='word_1_106' title='bbox 1749 992 1858 1033; x_wconf 90' lang='lat' dir='ltr'><strong>quae</strong></span> <span class='ocrx_word' id='word_1_107' title='bbox 1883 977 2037 1028; x_wconf 84' lang='lat' dir='ltr'><strong>Quin-</strong></span> 
     </span>
     <span class='ocr_line' id='line_1_13' title="bbox 292 1047 2040 1105; baseline 0.001 -16"><span class='ocrx_word' id='word_1_108' title='bbox 292 1048 511 1089; x_wconf 86' lang='lat' dir='ltr'><strong>tilianus</strong></span> <span class='ocrx_word' id='word_1_109' title='bbox 549 1062 636 1090; x_wconf 91' lang='lat' dir='ltr'><strong>non</strong></span> <span class='ocrx_word' id='word_1_110' title='bbox 674 1049 765 1090; x_wconf 89' lang='lat' dir='ltr'><strong>sine</strong></span> <span class='ocrx_word' id='word_1_111' title='bbox 802 1047 999 1091; x_wconf 90' lang='lat' dir='ltr'><strong>irrisione</strong></span> <span class='ocrx_word' id='word_1_112' title='bbox 1041 1048 1091 1090; x_wconf 92' lang='lat' dir='ltr'><strong>de</strong></span> <span class='ocrx_word' id='word_1_113' title='bbox 1130 1048 1404 1105; x_wconf 86' lang='lat' dir='ltr'><strong>etymologiis</strong></span> <span class='ocrx_word' id='word_1_114' title='bbox 1435 1047 1644 1091; x_wconf 84' lang='lat' dir='ltr'><strong>Varronis</strong></span> <span class='ocrx_word' id='word_1_115' title='bbox 1682 1049 1727 1091; x_wconf 89' lang='lat' dir='ltr'><strong>in</strong></span> <span class='ocrx_word' id='word_1_116' title='bbox 1756 1050 1783 1091; x_wconf 87' lang='lat' dir='ltr'><strong>l.</strong></span> <span class='ocrx_word' id='word_1_117' title='bbox 1803 1048 1845 1091; x_wconf 93' lang='lat' dir='ltr'><strong>V</strong></span> <span class='ocrx_word' id='word_1_118' title='bbox 1874 1049 2040 1104; x_wconf 85' lang='lat' dir='ltr'><strong>profert</strong></span> 
     </span>
     <span class='ocr_line' id='line_1_14' title="bbox 293 1117 2039 1176; baseline 0.002 -16"><span class='ocrx_word' id='word_1_119' title='bbox 293 1120 392 1160; x_wconf 91' lang='lat' dir='ltr'><strong>inst.</strong></span> <span class='ocrx_word' id='word_1_120' title='bbox 425 1133 483 1160; x_wconf 89' lang='lat' dir='ltr'><strong>or.</strong></span> <span class='ocrx_word' id='word_1_121' title='bbox 510 1117 531 1160; x_wconf 97' lang='lat' dir='ltr'><strong>I</strong></span> <span class='ocrx_word' id='word_1_122' title='bbox 552 1119 648 1174; x_wconf 84' lang='lat'><strong>6,37</strong></span> <span class='ocrx_word' id='word_1_123' title='bbox 682 1118 754 1175; x_wconf 86' lang='lat' dir='ltr'><strong>(cf.</strong></span> <span class='ocrx_word' id='word_1_124' title='bbox 786 1121 882 1161; x_wconf 88' lang='lat' dir='ltr'><strong>test.</strong></span> <span class='ocrx_word' id='word_1_125' title='bbox 914 1119 969 1161; x_wconf 88' lang='lat' dir='ltr'><strong>ad</strong></span> <span class='ocrx_word' id='word_1_126' title='bbox 1003 1117 1131 1176; x_wconf 59' lang='lat'><strong>126),</strong></span> <span class='ocrx_word' id='word_1_127' title='bbox 1162 1122 1212 1161; x_wconf 91' lang='lat' dir='ltr'><strong>ut</strong></span> <span class='ocrx_word' id='word_1_128' title='bbox 1243 1121 1326 1162; x_wconf 90' lang='lat' dir='ltr'><strong>alia</strong></span> <span class='ocrx_word' id='word_1_129' title='bbox 1355 1120 1404 1161; x_wconf 84' lang='lat' dir='ltr'><strong>de</strong></span> <span class='ocrx_word' id='word_1_130' title='bbox 1431 1120 1587 1175; x_wconf 91' lang='lat' dir='ltr'><strong>quibus</strong></span> <span class='ocrx_word' id='word_1_131' title='bbox 1615 1119 1775 1161; x_wconf 89' lang='lat' dir='ltr'><strong>dudum</strong></span> <span class='ocrx_word' id='word_1_132' title='bbox 1800 1123 1969 1162; x_wconf 90' lang='lat' dir='ltr'><strong>constat</strong></span> <span class='ocrx_word' id='word_1_133' title='bbox 1993 1121 2039 1163; x_wconf 90' lang='lat' dir='ltr'><strong>in</strong></span> 
     </span>
     <span class='ocr_line' id='line_1_15' title="bbox 291 1189 2039 1247; baseline 0.001 -15"><span class='ocrx_word' id='word_1_134' title='bbox 291 1190 442 1232; x_wconf 83' lang='lat' dir='ltr'><strong>eodem</strong></span> <span class='ocrx_word' id='word_1_135' title='bbox 468 1189 592 1245; x_wconf 90' lang='lat' dir='ltr'><strong>libro,</strong></span> <span class='ocrx_word' id='word_1_136' title='bbox 618 1190 672 1231; x_wconf 91' lang='lat' dir='ltr'><strong>ad</strong></span> <span class='ocrx_word' id='word_1_137' title='bbox 691 1189 935 1232; x_wconf 86' lang='lat' dir='ltr'><strong>Remmium</strong></span> <span class='ocrx_word' id='word_1_138' title='bbox 956 1190 1256 1233; x_wconf 90' lang='lat' dir='ltr'><strong>Palaemonem</strong></span> <span class='ocrx_word' id='word_1_139' title='bbox 1281 1191 1534 1247; x_wconf 83' lang='lat' dir='ltr'><strong>magistrum</strong></span> <span class='ocrx_word' id='word_1_140' title='bbox 1558 1191 1754 1233; x_wconf 89' lang='lat' dir='ltr'><strong>redeunt:</strong></span> <span class='ocrx_word' id='word_1_141' title='bbox 1780 1205 2039 1246; x_wconf 84' lang='lat' dir='ltr'><strong>quamquam</strong></span> 
     </span>
     <span class='ocr_line' id='line_1_16' title="bbox 293 1252 2041 1318; baseline 0 -14"><span class='ocrx_word' id='word_1_142' title='bbox 293 1261 481 1318; x_wconf 80' lang='lat' dir='ltr'><strong>Spengel</strong></span> <span class='ocrx_word' id='word_1_143' title='bbox 512 1261 557 1303; x_wconf 88' lang='lat' dir='ltr'><strong>in</strong></span> <span class='ocrx_word' id='word_1_144' title='bbox 588 1262 948 1303; x_wconf 89' lang='lat' dir='ltr'><strong>commentatione</strong></span> <span class='ocrx_word' id='word_1_145' title='bbox 979 1262 1054 1303; x_wconf 88' lang='lat' dir='ltr'><strong>illa</strong></span> <span class='ocrx_word' id='word_1_146' title='bbox 1085 1275 1186 1303; x_wconf 86' lang='lat' dir='ltr'><strong>mox</strong></span> <span class='ocrx_word' id='word_1_147' title='bbox 1219 1263 1387 1317; x_wconf 88' lang='lat' dir='ltr'><strong>saepius</strong></span> <span class='ocrx_word' id='word_1_148' title='bbox 1420 1262 1659 1304; x_wconf 88' lang='lat' dir='ltr'><strong>adhibenda</strong></span> <span class='ocrx_word' id='word_1_149' title='bbox 1688 1278 1728 1318; x_wconf 90' lang='lat' dir='ltr'><strong>p.</strong></span> <span class='ocrx_word' id='word_1_150' title='bbox 1754 1262 1841 1304; x_wconf 88' lang='grc'><strong>469</strong></span> <span class='ocrx_word' id='word_1_151' title='bbox 1874 1252 2041 1312; x_wconf 85' lang='lat' dir='ltr'><strong>Quinti-</strong></span> 
     </span>
     <span class='ocr_line' id='line_1_17' title="bbox 293 1331 2039 1389; baseline 0.001 -15"><span class='ocrx_word' id='word_1_152' title='bbox 293 1332 454 1374; x_wconf 90' lang='lat' dir='ltr'><strong>lianum</strong></span> <span class='ocrx_word' id='word_1_153' title='bbox 477 1332 617 1387; x_wconf 90' lang='lat' dir='ltr'><strong>ipsum</strong></span> <span class='ocrx_word' id='word_1_154' title='bbox 637 1332 792 1389; x_wconf 89' lang='lat' dir='ltr'><strong>legisse</strong></span> <span class='ocrx_word' id='word_1_155' title='bbox 812 1331 1049 1374; x_wconf 88' lang='lat' dir='ltr'><strong>Varronem</strong></span> <span class='ocrx_word' id='word_1_156' title='bbox 1070 1333 1274 1375; x_wconf 90' lang='lat' dir='ltr'><strong>sumebat.</strong></span> <span class='ocrx_word' id='word_1_157' title='bbox 1327 1332 1443 1383; x_wconf 87' lang='lat' dir='ltr'><strong>Quae</strong></span> <span class='ocrx_word' id='word_1_158' title='bbox 1467 1332 1498 1374; x_wconf 83' lang='lat' dir='ltr'>C</span> <span class='ocrx_word' id='word_1_159' title='bbox 1511 1333 1752 1375; x_wconf 89' lang='lat' dir='ltr'><strong>olumella</strong></span> <span class='ocrx_word' id='word_1_160' title='bbox 1783 1333 1915 1375; x_wconf 78' lang='lat' dir='ltr'><strong>tradit</strong></span> <span class='ocrx_word' id='word_1_161' title='bbox 1933 1332 2039 1375; x_wconf 85' lang='lat' dir='ltr'><strong>Var-</strong></span> 
     </span>
     <span class='ocr_line' id='line_1_18' title="bbox 291 1403 2040 1460; baseline 0.001 -15"><span class='ocrx_word' id='word_1_162' title='bbox 291 1404 481 1454; x_wconf 87' lang='lat' dir='ltr'><strong>roniana,</strong></span> <span class='ocrx_word' id='word_1_163' title='bbox 514 1403 566 1444; x_wconf 87' lang='lat' dir='ltr'><strong>ad</strong></span> <span class='ocrx_word' id='word_1_164' title='bbox 598 1403 891 1458; x_wconf 89' lang='lat' dir='ltr'><strong>Antiquitates</strong></span> <span class='ocrx_word' id='word_1_165' title='bbox 923 1403 1144 1445; x_wconf 88' lang='lat' dir='ltr'><strong>referenda</strong></span> <span class='ocrx_word' id='word_1_166' title='bbox 1176 1404 1409 1459; x_wconf 88' lang='lat' dir='ltr'><strong>eodemque</strong></span> <span class='ocrx_word' id='word_1_167' title='bbox 1442 1404 1680 1460; x_wconf 85' lang='lat' dir='ltr'><strong>Dionysii</strong></span> <span class='ocrx_word' id='word_1_168' title='bbox 1706 1404 2040 1447; x_wconf 89' lang='lat' dir='ltr'><strong>Halicarnas-</strong></span> 
     </span>
     <span class='ocr_line' id='line_1_19' title="bbox 292 1472 2037 1531; baseline 0.001 -14"><span class='ocrx_word' id='word_1_169' title='bbox 292 1474 460 1517; x_wconf 88' lang='lat' dir='ltr'><strong>sensis</strong></span> <span class='ocrx_word' id='word_1_170' title='bbox 498 1476 539 1516; x_wconf 90' lang='lat' dir='ltr'><strong>et</strong></span> <span class='ocrx_word' id='word_1_171' title='bbox 580 1472 848 1516; x_wconf 89' lang='lat' dir='ltr'><strong>Plutarchi</strong></span> <span class='ocrx_word' id='word_1_172' title='bbox 874 1474 1057 1530; x_wconf 86' lang='lat' dir='ltr'><strong>vestigia</strong></span> <span class='ocrx_word' id='word_1_173' title='bbox 1090 1477 1201 1516; x_wconf 88' lang='lat' dir='ltr'><strong>certe</strong></span> <span class='ocrx_word' id='word_1_174' title='bbox 1233 1474 1394 1517; x_wconf 89' lang='lat' dir='ltr'><strong>maiore</strong></span> <span class='ocrx_word' id='word_1_175' title='bbox 1426 1490 1479 1517; x_wconf 87' lang='lat' dir='ltr'><strong>ex</strong></span> <span class='ocrx_word' id='word_1_176' title='bbox 1508 1478 1630 1531; x_wconf 87' lang='lat' dir='ltr'><strong>parte</strong></span> <span class='ocrx_word' id='word_1_177' title='bbox 1660 1475 1898 1518; x_wconf 86' lang='lat' dir='ltr'><strong>revocanda</strong></span> <span class='ocrx_word' id='word_1_178' title='bbox 1928 1477 2037 1518; x_wconf 88' lang='lat' dir='ltr'><strong>sunt.</strong></span> 
     </span>
     <span class='ocr_line' id='line_1_20' title="bbox 292 1544 2038 1602; baseline 0.001 -15"><span class='ocrx_word' id='word_1_179' title='bbox 292 1545 529 1588; x_wconf 86' lang='lat' dir='ltr'><strong>Valerius</strong></span> <span class='ocrx_word' id='word_1_180' title='bbox 559 1544 757 1587; x_wconf 88' lang='lat' dir='ltr'><strong>Probus</strong></span> <span class='ocrx_word' id='word_1_181' title='bbox 790 1545 1004 1599; x_wconf 90' lang='lat' dir='ltr'><strong>quomodo</strong></span> <span class='ocrx_word' id='word_1_182' title='bbox 1037 1545 1244 1588; x_wconf 84' lang='lat' dir='ltr'><strong>Varronis</strong></span> <span class='ocrx_word' id='word_1_183' title='bbox 1275 1545 1400 1588; x_wconf 86' lang='lat' dir='ltr'><strong>libris</strong></span> <span class='ocrx_word' id='word_1_184' title='bbox 1432 1561 1535 1588; x_wconf 89' lang='lat' dir='ltr'><strong>usus</strong></span> <span class='ocrx_word' id='word_1_185' title='bbox 1567 1547 1623 1588; x_wconf 89' lang='lat' dir='ltr'><strong>sit</strong></span> <span class='ocrx_word' id='word_1_186' title='bbox 1653 1547 1883 1602; x_wconf 83' lang='lat' dir='ltr'><strong>nescimus3</strong></span> <span class='ocrx_word' id='word_1_187' title='bbox 1926 1547 2038 1589; x_wconf 91' lang='lat' dir='ltr'><strong>idem</strong></span> 
     </span>
     <span class='ocr_line' id='line_1_21' title="bbox 292 1616 2040 1674; baseline 0.001 -15"><span class='ocrx_word' id='word_1_188' title='bbox 292 1617 380 1659; x_wconf 83' lang='lat' dir='ltr'><strong>fere</strong></span> <span class='ocrx_word' id='word_1_189' title='bbox 407 1617 457 1659; x_wconf 91' lang='lat' dir='ltr'><strong>de</strong></span> <span class='ocrx_word' id='word_1_190' title='bbox 482 1616 657 1658; x_wconf 91' lang='lat' dir='ltr'><strong>Plinio</strong></span> <span class='ocrx_word' id='word_1_191' title='bbox 685 1616 926 1658; x_wconf 91' lang='lat' dir='ltr'><strong>dicendum:</strong></span> <span class='ocrx_word' id='word_1_192' title='bbox 953 1631 1212 1672; x_wconf 88' lang='lat' dir='ltr'><strong>quamquam</strong></span> <span class='ocrx_word' id='word_1_193' title='bbox 1238 1617 1485 1659; x_wconf 84' lang='lat' dir='ltr'><strong>testimonia</strong></span> <span class='ocrx_word' id='word_1_194' title='bbox 1510 1617 1715 1672; x_wconf 89' lang='lat' dir='ltr'><strong>quaedam</strong></span> <span class='ocrx_word' id='word_1_195' title='bbox 1743 1617 2040 1674; x_wconf 88' lang='lat' dir='ltr'><strong>grammatico-</strong></span> 
     </span>
    </p>
   </div>
   <div class='ocr_carea' id='block_1_3' title="bbox 292 1687 2127 1744">
    <p class='ocr_par' dir='ltr' id='par_1_3' title="bbox 292 1687 2127 1744">
     <span class='ocr_line' id='line_1_22' title="bbox 292 1687 2127 1744; baseline 0.001 -15"><span class='ocrx_word' id='word_1_196' title='bbox 292 1703 389 1730; x_wconf 90' lang='lat' dir='ltr'><strong>rum</strong></span> <span class='ocrx_word' id='word_1_197' title='bbox 421 1687 707 1743; x_wconf 87' lang='lat' dir='ltr'><strong>posteriorum</strong></span> <span class='ocrx_word' id='word_1_198' title='bbox 740 1689 815 1729; x_wconf 89' lang='lat' dir='ltr'><strong>aut</strong></span> <span class='ocrx_word' id='word_1_199' title='bbox 846 1687 899 1729; x_wconf 90' lang='lat' dir='ltr'><strong>ad</strong></span> <span class='ocrx_word' id='word_1_200' title='bbox 923 1687 1113 1730; x_wconf 89' lang='lat' dir='ltr'><strong>Plinium</strong></span> <span class='ocrx_word' id='word_1_201' title='bbox 1144 1690 1219 1730; x_wconf 90' lang='lat' dir='ltr'><strong>aut</strong></span> <span class='ocrx_word' id='word_1_202' title='bbox 1243 1688 1297 1730; x_wconf 92' lang='lat' dir='ltr'><strong>ad</strong></span> <span class='ocrx_word' id='word_1_203' title='bbox 1322 1687 1512 1730; x_wconf 89' lang='lat' dir='ltr'><strong>Probum</strong></span> <span class='ocrx_word' id='word_1_204' title='bbox 1538 1691 1757 1730; x_wconf 86' lang='lat' dir='ltr'><strong>auctorem</strong></span> <span class='ocrx_word' id='word_1_205' title='bbox 1787 1689 2039 1744; x_wconf 84' lang='lat' dir='ltr'><strong>primarium</strong></span> <span class='ocrx_word' id='word_1_206' title='bbox 2125 1698 2127 1701; x_wconf 82' lang='grc'>’</span> 
     </span>
    </p>
   </div>
   <div class='ocr_carea' id='block_1_4' title="bbox 291 1757 2120 3028">
    <p class='ocr_par' dir='ltr' id='par_1_4' title="bbox 291 1757 2120 3028">
     <span class='ocr_line' id='line_1_23' title="bbox 291 1757 2039 1816; baseline 0.001 -15"><span class='ocrx_word' id='word_1_207' title='bbox 291 1774 379 1802; x_wconf 88' lang='lat' dir='ltr'><strong>non</strong></span> <span class='ocrx_word' id='word_1_208' title='bbox 409 1761 567 1801; x_wconf 89' lang='lat' dir='ltr'><strong>temere</strong></span> <span class='ocrx_word' id='word_1_209' title='bbox 598 1759 922 1801; x_wconf 80' lang='lat' dir='ltr'><strong>revocabuntur.</strong></span> <span class='ocrx_word' id='word_1_210' title='bbox 981 1757 1173 1802; x_wconf 86' lang='lat' dir='ltr'><strong>Certiora</strong></span> <span class='ocrx_word' id='word_1_211' title='bbox 1204 1759 1386 1816; x_wconf 85' lang='lat' dir='ltr'><strong>vestigia</strong></span> <span class='ocrx_word' id='word_1_212' title='bbox 1417 1759 1530 1815; x_wconf 90' lang='lat' dir='ltr'><strong>apud</strong></span> <span class='ocrx_word' id='word_1_213' title='bbox 1558 1758 1778 1802; x_wconf 81' lang='lat' dir='ltr'><strong>Gellium</strong></span> <span class='ocrx_word' id='word_1_214' title='bbox 1811 1760 2039 1815; x_wconf 88' lang='lat' dir='ltr'><strong>deprehen-</strong></span> 
     </span>
     <span class='ocr_line' id='line_1_24' title="bbox 293 1829 2040 1886; baseline 0.001 -15"><span class='ocrx_word' id='word_1_215' title='bbox 293 1830 469 1884; x_wconf 90' lang='lat' dir='ltr'><strong>duntur,</strong></span> <span class='ocrx_word' id='word_1_216' title='bbox 514 1830 587 1885; x_wconf 90' lang='lat' dir='ltr'><strong>qui</strong></span> <span class='ocrx_word' id='word_1_217' title='bbox 626 1831 729 1885; x_wconf 90' lang='lat' dir='ltr'><strong>quin</strong></span> <span class='ocrx_word' id='word_1_218' title='bbox 772 1831 887 1886; x_wconf 89' lang='lat' dir='ltr'><strong>ipsos</strong></span> <span class='ocrx_word' id='word_1_219' title='bbox 914 1829 1121 1872; x_wconf 88' lang='lat' dir='ltr'><strong>Varronis</strong></span> <span class='ocrx_word' id='word_1_220' title='bbox 1151 1829 1285 1873; x_wconf 93' lang='lat' dir='ltr'><strong>libros</strong></span> <span class='ocrx_word' id='word_1_221' title='bbox 1317 1830 1524 1872; x_wconf 85' lang='lat' dir='ltr'><strong>evolverit</strong></span> <span class='ocrx_word' id='word_1_222' title='bbox 1554 1846 1641 1873; x_wconf 90' lang='lat' dir='ltr'><strong>non</strong></span> <span class='ocrx_word' id='word_1_223' title='bbox 1672 1834 1739 1873; x_wconf 87' lang='lat' dir='ltr'><strong>est</strong></span> <span class='ocrx_word' id='word_1_224' title='bbox 1769 1845 1843 1873; x_wconf 91' lang='lat' dir='ltr'><strong>cur</strong></span> <span class='ocrx_word' id='word_1_225' title='bbox 1874 1831 2040 1873; x_wconf 90' lang='lat' dir='ltr'><strong>dubite-</strong></span> 
     </span>
     <span class='ocr_line' id='line_1_25' title="bbox 293 1900 2039 1958; baseline 0.001 -16"><span class='ocrx_word' id='word_1_226' title='bbox 293 1916 408 1943; x_wconf 88' lang='lat' dir='ltr'><strong>mus:</strong></span> <span class='ocrx_word' id='word_1_227' title='bbox 454 1903 582 1956; x_wconf 89' lang='lat' dir='ltr'><strong>atque</strong></span> <span class='ocrx_word' id='word_1_228' title='bbox 625 1901 883 1943; x_wconf 87' lang='lat' dir='ltr'><strong>lectionibus</strong></span> <span class='ocrx_word' id='word_1_229' title='bbox 920 1900 1122 1944; x_wconf 82' lang='lat' dir='ltr'><strong>Gellianis</strong></span> <span class='ocrx_word' id='word_1_230' title='bbox 1165 1916 1253 1944; x_wconf 89' lang='lat' dir='ltr'><strong>non</strong></span> <span class='ocrx_word' id='word_1_231' title='bbox 1291 1901 1422 1943; x_wconf 90' lang='lat' dir='ltr'><strong>semel</strong></span> <span class='ocrx_word' id='word_1_232' title='bbox 1458 1902 1502 1944; x_wconf 94' lang='lat' dir='ltr'><strong>in</strong></span> <span class='ocrx_word' id='word_1_233' title='bbox 1541 1901 1800 1958; x_wconf 81' lang='lat' dir='ltr'><strong>castigandis</strong></span> <span class='ocrx_word' id='word_1_234' title='bbox 1832 1901 2039 1944; x_wconf 85' lang='lat' dir='ltr'><strong>Varronis</strong></span> 
     </span>
     <span class='ocr_line' id='line_1_26' title="bbox 294 1971 2040 2030; baseline 0 -16"><span class='ocrx_word' id='word_1_235' title='bbox 294 1972 435 2014; x_wconf 87' lang='lat' dir='ltr'><strong>verbis</strong></span> <span class='ocrx_word' id='word_1_236' title='bbox 467 1973 534 2014; x_wconf 90' lang='lat' dir='ltr'><strong>usi</strong></span> <span class='ocrx_word' id='word_1_237' title='bbox 560 1987 706 2015; x_wconf 87' lang='lat' dir='ltr'><strong>sumus</strong></span> <span class='ocrx_word' id='word_1_238' title='bbox 734 1971 804 2029; x_wconf 88' lang='lat' dir='ltr'><strong>(cf.</strong></span> <span class='ocrx_word' id='word_1_239' title='bbox 833 1973 900 2028; x_wconf 84' lang='lat'><strong>78,</strong></span> <span class='ocrx_word' id='word_1_240' title='bbox 936 1973 1065 2028; x_wconf 86' lang='lat' dir='ltr'><strong>lsqq.</strong></span> <span class='ocrx_word' id='word_1_241' title='bbox 1092 1972 1188 2028; x_wconf 82' lang='lat'><strong>190,</strong></span> <span class='ocrx_word' id='word_1_242' title='bbox 1207 1972 1283 2028; x_wconf 79' lang='lat'><strong>29;</strong></span> <span class='ocrx_word' id='word_1_243' title='bbox 1315 1971 1396 2030; x_wconf 75' lang='lat' dir='ltr'><strong>aL).</strong></span> <span class='ocrx_word' id='word_1_244' title='bbox 1461 1971 1791 2014; x_wconf 82' lang='lat' dir='ltr'><strong>Grammatici</strong></span> <span class='ocrx_word' id='word_1_245' title='bbox 1822 1975 1864 2014; x_wconf 89' lang='lat' dir='ltr'><strong>et</strong></span> <span class='ocrx_word' id='word_1_246' title='bbox 1895 1972 2040 2015; x_wconf 92' lang='lat' dir='ltr'><strong>scho-</strong></span> 
     </span>
     <span class='ocr_line' id='line_1_27' title="bbox 295 2042 2040 2099; baseline 0.001 -15"><span class='ocrx_word' id='word_1_247' title='bbox 295 2043 480 2086; x_wconf 91' lang='lat' dir='ltr'><strong>liastae</strong></span> <span class='ocrx_word' id='word_1_248' title='bbox 513 2043 671 2086; x_wconf 87' lang='lat' dir='ltr'><strong>saeculi</strong></span> <span class='ocrx_word' id='word_1_249' title='bbox 704 2043 858 2098; x_wconf 90' lang='lat' dir='ltr'><strong>quarti,</strong></span> <span class='ocrx_word' id='word_1_250' title='bbox 889 2043 993 2085; x_wconf 90' lang='lat' dir='ltr'><strong>item</strong></span> <span class='ocrx_word' id='word_1_251' title='bbox 1025 2042 1165 2099; x_wconf 90' lang='lat' dir='ltr'><strong>quinti</strong></span> <span class='ocrx_word' id='word_1_252' title='bbox 1196 2058 1247 2085; x_wconf 87' lang='lat' dir='ltr'><strong>ex</strong></span> <span class='ocrx_word' id='word_1_253' title='bbox 1276 2043 1591 2098; x_wconf 87' lang='lat' dir='ltr'><strong>antiquioribus</strong></span> <span class='ocrx_word' id='word_1_254' title='bbox 1617 2042 1810 2085; x_wconf 88' lang='lat' dir='ltr'><strong>fontibus</strong></span> <span class='ocrx_word' id='word_1_255' title='bbox 1836 2043 2040 2098; x_wconf 81' lang='lat' dir='ltr'><strong>pendent:</strong></span> 
     </span>
     <span class='ocr_line' id='line_1_28' title="bbox 293 2114 2042 2170; baseline 0 -14"><span class='ocrx_word' id='word_1_256' title='bbox 293 2115 368 2156; x_wconf 89' lang='lat' dir='ltr'><strong>sed</strong></span> <span class='ocrx_word' id='word_1_257' title='bbox 406 2129 457 2156; x_wconf 83' lang='lat' dir='ltr'><strong>ex</strong></span> <span class='ocrx_word' id='word_1_258' title='bbox 493 2114 587 2169; x_wconf 92' lang='lat' dir='ltr'><strong>ipso</strong></span> <span class='ocrx_word' id='word_1_259' title='bbox 619 2114 813 2156; x_wconf 87' lang='lat' dir='ltr'><strong>Varrone</strong></span> <span class='ocrx_word' id='word_1_260' title='bbox 848 2114 1011 2170; x_wconf 88' lang='lat' dir='ltr'><strong>hausit,</strong></span> <span class='ocrx_word' id='word_1_261' title='bbox 1056 2129 1141 2170; x_wconf 90' lang='lat' dir='ltr'><strong>quo</strong></span> <span class='ocrx_word' id='word_1_262' title='bbox 1179 2115 1316 2156; x_wconf 91' lang='lat' dir='ltr'><strong>maius</strong></span> <span class='ocrx_word' id='word_1_263' title='bbox 1354 2115 1641 2170; x_wconf 87' lang='lat' dir='ltr'><strong>fragmentum</strong></span> <span class='ocrx_word' id='word_1_264' title='bbox 1680 2114 1866 2156; x_wconf 85' lang='lat' dir='ltr'><strong>servavit</strong></span> <span class='ocrx_word' id='word_1_265' title='bbox 1902 2129 2042 2169; x_wconf 91' lang='lat' dir='ltr'><strong>nemo,</strong></span> 
     </span>
     <span class='ocr_line' id='line_1_29' title="bbox 295 2184 2040 2242; baseline -0.001 -14"><span class='ocrx_word' id='word_1_266' title='bbox 295 2185 593 2228; x_wconf 83' lang='lat' dir='ltr'><strong>Priscianus</strong></span> <span class='ocrx_word' id='word_1_267' title='bbox 619 2184 677 2242; x_wconf 88' lang='lat' dir='ltr'><strong>(p.</strong></span> <span class='ocrx_word' id='word_1_268' title='bbox 705 2185 774 2241; x_wconf 79' lang='lat'><strong>52,</strong></span> <span class='ocrx_word' id='word_1_269' title='bbox 800 2185 827 2227; x_wconf 79' lang='lat'><strong>2</strong></span> <span class='ocrx_word' id='word_1_270' title='bbox 848 2199 939 2241; x_wconf 89' lang='lat' dir='ltr'><strong>sqq.</strong></span> <span class='ocrx_word' id='word_1_271' title='bbox 960 2206 1016 2220; x_wconf 90' lang='lat'>=</span> <span class='ocrx_word' id='word_1_272' title='bbox 1039 2184 1128 2227; x_wconf 81' lang='lat' dir='ltr'><strong>GL.</strong></span> <span class='ocrx_word' id='word_1_273' title='bbox 1154 2184 1220 2227; x_wconf 92' lang='lat' dir='ltr'><strong>III</strong></span> <span class='ocrx_word' id='word_1_274' title='bbox 1243 2184 1351 2242; x_wconf 85' lang='lat'>410)</span> <span class='ocrx_word' id='word_1_275' title='bbox 1377 2185 1446 2227; x_wconf 86' lang='lat' dir='ltr'><strong>vel</strong></span> <span class='ocrx_word' id='word_1_276' title='bbox 1471 2185 1562 2226; x_wconf 89' lang='lat' dir='ltr'><strong>eius</strong></span> <span class='ocrx_word' id='word_1_277' title='bbox 1588 2187 1752 2227; x_wconf 90' lang='lat' dir='ltr'><strong>auctor:</strong></span> <span class='ocrx_word' id='word_1_278' title='bbox 1778 2186 1898 2227; x_wconf 89' lang='lat' dir='ltr'><strong>cuius</strong></span> <span class='ocrx_word' id='word_1_279' title='bbox 1923 2185 2040 2227; x_wconf 91' lang='lat' dir='ltr'><strong>testi-</strong></span> 
     </span>
     <span class='ocr_line' id='line_1_30' title="bbox 296 2253 2040 2312; baseline 0 -14"><span class='ocrx_word' id='word_1_280' title='bbox 296 2256 441 2298; x_wconf 91' lang='lat' dir='ltr'><strong>monio</strong></span> <span class='ocrx_word' id='word_1_281' title='bbox 467 2256 708 2299; x_wconf 81' lang='lat' dir='ltr'><strong>Florentini</strong></span> <span class='ocrx_word' id='word_1_282' title='bbox 739 2256 898 2300; x_wconf 88' lang='lat' dir='ltr'><strong>codicis</strong></span> <span class='ocrx_word' id='word_1_283' title='bbox 924 2271 1088 2298; x_wconf 89' lang='lat' dir='ltr'><strong>errores</strong></span> <span class='ocrx_word' id='word_1_284' title='bbox 1115 2257 1284 2311; x_wconf 89' lang='lat' dir='ltr'><strong>saepius</strong></span> <span class='ocrx_word' id='word_1_285' title='bbox 1308 2258 1542 2312; x_wconf 90' lang='lat' dir='ltr'><strong>potuerunt</strong></span> <span class='ocrx_word' id='word_1_286' title='bbox 1567 2255 1723 2311; x_wconf 87' lang='lat' dir='ltr'><strong>corrigi</strong></span> <span class='ocrx_word' id='word_1_287' title='bbox 1751 2253 1806 2311; x_wconf 84' lang='lat' dir='ltr'><strong>(v.</strong></span> <span class='ocrx_word' id='word_1_288' title='bbox 1824 2270 1865 2310; x_wconf 89' lang='lat' dir='ltr'><strong>p.</strong></span> <span class='ocrx_word' id='word_1_289' title='bbox 1884 2253 2040 2298; x_wconf 90' lang='lat' dir='ltr'><strong>XXIII.</strong></span> 
     </span>
     <span class='ocr_line' id='line_1_31' title="bbox 295 2325 2120 2383; baseline -0.001 -14"><span class='ocrx_word' id='word_1_290' title='bbox 295 2326 441 2370; x_wconf 90' lang='lat' dir='ltr'><strong>XXIV</strong></span> <span class='ocrx_word' id='word_1_291' title='bbox 460 2326 558 2383; x_wconf 86' lang='lat' dir='ltr'><strong>bis).</strong></span> <span class='ocrx_word' id='word_1_292' title='bbox 609 2327 858 2383; x_wconf 90' lang='lat' dir='ltr'><strong>Isidorus,</strong></span> <span class='ocrx_word' id='word_1_293' title='bbox 891 2328 965 2383; x_wconf 92' lang='lat' dir='ltr'><strong>qui</strong></span> <span class='ocrx_word' id='word_1_294' title='bbox 997 2327 1043 2369; x_wconf 86' lang='lat' dir='ltr'><strong>in</strong></span> <span class='ocrx_word' id='word_1_295' title='bbox 1067 2326 1358 2383; x_wconf 80' lang='lat' dir='ltr'><strong>Etymologiis</strong></span> <span class='ocrx_word' id='word_1_296' title='bbox 1389 2325 1495 2368; x_wconf 91' lang='lat' dir='ltr'><strong>locis</strong></span> <span class='ocrx_word' id='word_1_297' title='bbox 1521 2341 1607 2368; x_wconf 91' lang='lat' dir='ltr'><strong>non</strong></span> <span class='ocrx_word' id='word_1_298' title='bbox 1632 2326 1691 2368; x_wconf 88' lang='lat' dir='ltr'><strong>ita</strong></span> <span class='ocrx_word' id='word_1_299' title='bbox 1716 2326 1865 2381; x_wconf 86' lang='lat' dir='ltr'><strong>paucis</strong></span> <span class='ocrx_word' id='word_1_300' title='bbox 1884 2325 2041 2369; x_wconf 91' lang='lat' dir='ltr'><strong>Varro-</strong></span> <span class='ocrx_word' id='word_1_301' title='bbox 2117 2362 2120 2363; x_wconf 14' lang='grc' dir='ltr'><em>γ</em></span> 
     </span>
     <span class='ocr_line' id='line_1_32' title="bbox 294 2396 2040 2454; baseline -0.001 -14"><span class='ocrx_word' id='word_1_302' title='bbox 294 2413 393 2440; x_wconf 90' lang='lat' dir='ltr'><strong>nem</strong></span> <span class='ocrx_word' id='word_1_303' title='bbox 425 2401 745 2454; x_wconf 89' lang='lat' dir='ltr'><strong>commemorat,</strong></span> <span class='ocrx_word' id='word_1_304' title='bbox 777 2398 978 2454; x_wconf 90' lang='lat' dir='ltr'><strong>pleraque</strong></span> <span class='ocrx_word' id='word_1_305' title='bbox 1010 2413 1062 2439; x_wconf 87' lang='lat' dir='ltr'><strong>ex</strong></span> <span class='ocrx_word' id='word_1_306' title='bbox 1095 2396 1233 2440; x_wconf 83' lang='lat' dir='ltr'><strong>Servii</strong></span> <span class='ocrx_word' id='word_1_307' title='bbox 1265 2398 1571 2440; x_wconf 89' lang='lat' dir='ltr'><strong>commentario</strong></span> <span class='ocrx_word' id='word_1_308' title='bbox 1602 2396 1883 2452; x_wconf 89' lang='lat' dir='ltr'><strong>transcripsit,</strong></span> <span class='ocrx_word' id='word_1_309' title='bbox 1914 2411 1963 2439; x_wconf 90' lang='lat' dir='ltr'><strong>ac</strong></span> <span class='ocrx_word' id='word_1_310' title='bbox 1986 2412 2040 2439; x_wconf 90' lang='lat' dir='ltr'><strong>ne</strong></span> 
     </span>
     <span class='ocr_line' id='line_1_33' title="bbox 294 2467 2041 2525; baseline -0.001 -13"><span class='ocrx_word' id='word_1_311' title='bbox 294 2471 356 2512; x_wconf 89' lang='lat' dir='ltr'><strong>eis</strong></span> <span class='ocrx_word' id='word_1_312' title='bbox 389 2469 562 2525; x_wconf 90' lang='lat' dir='ltr'><strong>quidem</strong></span> <span class='ocrx_word' id='word_1_313' title='bbox 593 2470 712 2524; x_wconf 90' lang='lat' dir='ltr'><strong>locis,</strong></span> <span class='ocrx_word' id='word_1_314' title='bbox 745 2484 928 2525; x_wconf 91' lang='lat' dir='ltr'><strong>quorum</strong></span> <span class='ocrx_word' id='word_1_315' title='bbox 959 2470 1058 2512; x_wconf 86' lang='lat' dir='ltr'><strong>fons</strong></span> <span class='ocrx_word' id='word_1_316' title='bbox 1089 2468 1207 2524; x_wconf 89' lang='lat' dir='ltr'><strong>latet,</strong></span> <span class='ocrx_word' id='word_1_317' title='bbox 1237 2470 1376 2511; x_wconf 93' lang='lat' dir='ltr'><strong>ullum</strong></span> <span class='ocrx_word' id='word_1_318' title='bbox 1407 2483 1459 2511; x_wconf 85' lang='lat' dir='ltr'><strong>ex</strong></span> <span class='ocrx_word' id='word_1_319' title='bbox 1491 2469 1584 2524; x_wconf 92' lang='lat' dir='ltr'><strong>ipso</strong></span> <span class='ocrx_word' id='word_1_320' title='bbox 1615 2467 1809 2510; x_wconf 89' lang='lat' dir='ltr'><strong>Varrone</strong></span> <span class='ocrx_word' id='word_1_321' title='bbox 1838 2467 2041 2510; x_wconf 88' lang='lat' dir='ltr'><strong>haustum</strong></span> 
     </span>
     <span class='ocr_line' id='line_1_34' title="bbox 295 2537 2041 2597; baseline -0.001 -14"><span class='ocrx_word' id='word_1_322' title='bbox 295 2556 388 2584; x_wconf 91' lang='lat' dir='ltr'><strong>esse</strong></span> <span class='ocrx_word' id='word_1_323' title='bbox 424 2540 648 2596; x_wconf 84' lang='lat' dir='ltr'><strong>probabile</strong></span> <span class='ocrx_word' id='word_1_324' title='bbox 684 2544 898 2595; x_wconf 90' lang='lat' dir='ltr'><strong>putamus.</strong></span> <span class='ocrx_word' id='word_1_325' title='bbox 970 2540 1095 2591; x_wconf 86' lang='lat' dir='ltr'><strong>Quod</strong></span> <span class='ocrx_word' id='word_1_326' title='bbox 1126 2539 1343 2596; x_wconf 88' lang='lat' dir='ltr'><strong>Hauptius</strong></span> <span class='ocrx_word' id='word_1_327' title='bbox 1382 2539 1585 2597; x_wconf 86' lang='lat' dir='ltr'><strong>(Hermae</strong></span> <span class='ocrx_word' id='word_1_328' title='bbox 1615 2542 1644 2581; x_wconf 93' lang='lat' dir='ltr'><strong>t.</strong></span> <span class='ocrx_word' id='word_1_329' title='bbox 1670 2538 1691 2580; x_wconf 95' lang='lat' dir='ltr'><strong>I</strong></span> <span class='ocrx_word' id='word_1_330' title='bbox 1722 2555 1762 2594; x_wconf 90' lang='lat' dir='ltr'><strong>p.</strong></span> <span class='ocrx_word' id='word_1_331' title='bbox 1788 2537 1866 2596; x_wconf 83' lang='lat'><strong>44)</strong></span> <span class='ocrx_word' id='word_1_332' title='bbox 1909 2538 2041 2581; x_wconf 79' lang='lat' dir='ltr'><strong>Rha-</strong></span> 
     </span>
     <span class='ocr_line' id='line_1_35' title="bbox 297 2609 2040 2668; baseline -0.002 -14"><span class='ocrx_word' id='word_1_333' title='bbox 297 2613 479 2654; x_wconf 90' lang='lat' dir='ltr'><strong>banum</strong></span> <span class='ocrx_word' id='word_1_334' title='bbox 523 2612 574 2654; x_wconf 87' lang='lat' dir='ltr'><strong>de</strong></span> <span class='ocrx_word' id='word_1_335' title='bbox 615 2614 817 2667; x_wconf 89' lang='lat' dir='ltr'><strong>computo</strong></span> <span class='ocrx_word' id='word_1_336' title='bbox 862 2627 895 2654; x_wconf 87' lang='lat' dir='ltr'><strong>c.</strong></span> <span class='ocrx_word' id='word_1_337' title='bbox 923 2612 950 2654; x_wconf 85' lang='lat'><strong>3</strong></span> <span class='ocrx_word' id='word_1_338' title='bbox 981 2611 1218 2654; x_wconf 87' lang='lat' dir='ltr'><strong>Varronem</strong></span> <span class='ocrx_word' id='word_1_339' title='bbox 1256 2610 1411 2668; x_wconf 88' lang='lat' dir='ltr'><strong>legisse</strong></span> <span class='ocrx_word' id='word_1_340' title='bbox 1449 2611 1649 2666; x_wconf 88' lang='lat' dir='ltr'><strong>opinatus</strong></span> <span class='ocrx_word' id='word_1_341' title='bbox 1688 2612 1771 2664; x_wconf 89' lang='lat' dir='ltr'><strong>est,</strong></span> <span class='ocrx_word' id='word_1_342' title='bbox 1814 2610 1856 2652; x_wconf 93' lang='lat' dir='ltr'><strong>id</strong></span> <span class='ocrx_word' id='word_1_343' title='bbox 1887 2609 2040 2652; x_wconf 90' lang='lat' dir='ltr'><strong>falsum</strong></span> 
     </span>
     <span class='ocr_line' id='line_1_36' title="bbox 295 2679 2040 2738; baseline -0.002 -13"><span class='ocrx_word' id='word_1_344' title='bbox 295 2698 400 2737; x_wconf 87' lang='lat' dir='ltr'><strong>esse,</strong></span> <span class='ocrx_word' id='word_1_345' title='bbox 430 2686 581 2738; x_wconf 89' lang='lat' dir='ltr'><strong>utpote</strong></span> <span class='ocrx_word' id='word_1_346' title='bbox 613 2697 721 2738; x_wconf 89' lang='lat' dir='ltr'><strong>quae</strong></span> <span class='ocrx_word' id='word_1_347' title='bbox 752 2683 882 2725; x_wconf 85' lang='lat' dir='ltr'><strong>verba</strong></span> <span class='ocrx_word' id='word_1_348' title='bbox 913 2683 1130 2725; x_wconf 87' lang='lat' dir='ltr'><strong>Prisciano</strong></span> <span class='ocrx_word' id='word_1_349' title='bbox 1162 2682 1374 2725; x_wconf 88' lang='lat' dir='ltr'><strong>reddenda</strong></span> <span class='ocrx_word' id='word_1_350' title='bbox 1405 2682 1502 2736; x_wconf 87' lang='lat' dir='ltr'><strong>sint,</strong></span> <span class='ocrx_word' id='word_1_351' title='bbox 1520 2681 1722 2738; x_wconf 64' lang='lat' dir='ltr'><strong>&gt;Spengel</strong></span> <span class='ocrx_word' id='word_1_352' title='bbox 1751 2679 1900 2736; x_wconf 55' lang='lat' dir='ltr'><strong>praef?³</strong></span> <span class='ocrx_word' id='word_1_353' title='bbox 1930 2695 1971 2735; x_wconf 91' lang='lat' dir='ltr'><strong>p.</strong></span> <span class='ocrx_word' id='word_1_354' title='bbox 1997 2679 2040 2722; x_wconf 95' lang='lat' dir='ltr'><strong>II</strong></span> 
     </span>
     <span class='ocr_line' id='line_1_37' title="bbox 295 2751 2040 2809; baseline -0.002 -13"><span class='ocrx_word' id='word_1_355' title='bbox 295 2755 390 2796; x_wconf 89' lang='lat' dir='ltr'><strong>adn.</strong></span> <span class='ocrx_word' id='word_1_356' title='bbox 427 2756 541 2797; x_wconf 92' lang='lat' dir='ltr'><strong>recte</strong></span> <span class='ocrx_word' id='word_1_357' title='bbox 584 2754 763 2796; x_wconf 89' lang='lat' dir='ltr'><strong>monuit.</strong></span> <span class='ocrx_word' id='word_1_358' title='bbox 838 2753 1096 2796; x_wconf 89' lang='lat' dir='ltr'><strong>Osbernus</strong></span> <span class='ocrx_word' id='word_1_359' title='bbox 1142 2768 1250 2809; x_wconf 91' lang='lat' dir='ltr'><strong>quae</strong></span> <span class='ocrx_word' id='word_1_360' title='bbox 1288 2753 1426 2796; x_wconf 87' lang='lat' dir='ltr'><strong>adfert</strong></span> <span class='ocrx_word' id='word_1_361' title='bbox 1461 2753 1620 2809; x_wconf 90' lang='lat' dir='ltr'><strong>partim</strong></span> <span class='ocrx_word' id='word_1_362' title='bbox 1657 2751 1840 2806; x_wconf 87' lang='lat' dir='ltr'><strong>Isidoro,</strong></span> <span class='ocrx_word' id='word_1_363' title='bbox 1882 2751 2040 2807; x_wconf 85' lang='lat' dir='ltr'><strong>partim</strong></span> 
     </span>
     <span class='ocr_line' id='line_1_38' title="bbox 296 2821 2043 2881; baseline -0.002 -14"><span class='ocrx_word' id='word_1_364' title='bbox 296 2825 529 2881; x_wconf 89' lang='lat' dir='ltr'><strong>Prisciano,</strong></span> <span class='ocrx_word' id='word_1_365' title='bbox 559 2825 718 2880; x_wconf 84' lang='lat' dir='ltr'><strong>partim</strong></span> <span class='ocrx_word' id='word_1_366' title='bbox 749 2825 967 2868; x_wconf 87' lang='lat' dir='ltr'><strong>Macrobio</strong></span> <span class='ocrx_word' id='word_1_367' title='bbox 1000 2825 1218 2867; x_wconf 90' lang='lat' dir='ltr'><strong>debentur.</strong></span> <span class='ocrx_word' id='word_1_368' title='bbox 1270 2824 1454 2867; x_wconf 90' lang='lat' dir='ltr'><strong>Omnino</strong></span> <span class='ocrx_word' id='word_1_369' title='bbox 1489 2826 1649 2866; x_wconf 84' lang='lat' dir='ltr'><strong>certum</strong></span> <span class='ocrx_word' id='word_1_370' title='bbox 1682 2825 1756 2877; x_wconf 86' lang='lat' dir='ltr'><strong>est,</strong></span> <span class='ocrx_word' id='word_1_371' title='bbox 1788 2821 1917 2864; x_wconf 89' lang='lat' dir='ltr'><strong>medii</strong></span> <span class='ocrx_word' id='word_1_372' title='bbox 1948 2821 2043 2864; x_wconf 83' lang='lat' dir='ltr'><strong>aevi.</strong></span> 
     </span>
     <span class='ocr_line' id='line_1_39' title="bbox 296 2892 2039 2951; baseline -0.002 -14"><span class='ocrx_word' id='word_1_373' title='bbox 296 2897 556 2950; x_wconf 89' lang='lat' dir='ltr'><strong>scriptorum</strong></span> <span class='ocrx_word' id='word_1_374' title='bbox 594 2911 646 2938; x_wconf 85' lang='lat' dir='ltr'><strong>ex</strong></span> <span class='ocrx_word' id='word_1_375' title='bbox 683 2896 777 2951; x_wconf 90' lang='lat' dir='ltr'><strong>ipso</strong></span> <span class='ocrx_word' id='word_1_376' title='bbox 808 2895 1000 2938; x_wconf 89' lang='lat' dir='ltr'><strong>Varrone</strong></span> <span class='ocrx_word' id='word_1_377' title='bbox 1037 2896 1231 2938; x_wconf 87' lang='lat' dir='ltr'><strong>hausisse</strong></span> <span class='ocrx_word' id='word_1_378' title='bbox 1268 2895 1498 2950; x_wconf 91' lang='lat' dir='ltr'><strong>neminem,</strong></span> <span class='ocrx_word' id='word_1_379' title='bbox 1541 2893 1625 2936; x_wconf 89' lang='lat' dir='ltr'><strong>nisi</strong></span> <span class='ocrx_word' id='word_1_380' title='bbox 1664 2893 1779 2948; x_wconf 90' lang='lat' dir='ltr'><strong>quod</strong></span> <span class='ocrx_word' id='word_1_381' title='bbox 1814 2892 2039 2935; x_wconf 92' lang='lat' dir='ltr'><strong>undecimo</strong></span> 
     </span>
     <span class='ocr_line' id='line_1_40' title="bbox 297 2964 2041 3028; baseline -0.002 -20"><span class='ocrx_word' id='word_1_382' title='bbox 297 2967 468 3009; x_wconf 83' lang='lat' dir='ltr'><strong>saeculo</strong></span> <span class='ocrx_word' id='word_1_383' title='bbox 512 2966 667 3021; x_wconf 88' lang='lat' dir='ltr'><strong>aliquis</strong></span> <span class='ocrx_word' id='word_1_384' title='bbox 711 2967 935 3010; x_wconf 86' lang='lat' dir='ltr'><strong>codicem</strong></span> <span class='ocrx_word' id='word_1_385' title='bbox 979 2966 1338 3010; x_wconf 84' lang='lat' dir='ltr'><strong>Florentinum</strong></span> <span class='ocrx_word' id='word_1_386' title='bbox 1379 2965 1634 3022; x_wconf 88' lang='lat' dir='ltr'><strong>propagavit</strong></span> <span class='ocrx_word' id='word_1_387' title='bbox 1668 2967 1710 3028; x_wconf 73' lang='lat' dir='ltr'><strong>et</strong></span> <span class='ocrx_word' id='word_1_388' title='bbox 1741 2964 1910 3006; x_wconf 86' lang='lat' dir='ltr'><strong>saeculo</strong></span> <span class='ocrx_word' id='word_1_389' title='bbox 1941 2965 2041 3018; x_wconf 91' lang='lat' dir='ltr'><strong>post</strong></span> 
     </span>
    </p>
   </div>
   <div class='ocr_carea' id='block_1_5' title="bbox 302 3030 587 3035">
    <p class='ocr_par' dir='ltr' id='par_1_5' title="bbox 302 3030 587 3035">
     <span class='ocr_line' id='line_1_41' title="bbox 302 3030 587 3035; baseline 0 0"><span class='ocrx_word' id='word_1_390' title='bbox 302 3030 587 3035; x_wconf 95' lang='lat' dir='ltr'><strong> </strong></span> 
     </span>
    </p>
   </div>
   <div class='ocr_carea' id='block_1_6' title="bbox 418 3045 1890 3093">
    <p class='ocr_par' dir='ltr' id='par_1_6' title="bbox 418 3045 1890 3093">
     <span class='ocr_line' id='line_1_42' title="bbox 418 3045 1890 3093; baseline -0.002 -12"><span class='ocrx_word' id='word_1_391' title='bbox 418 3051 435 3081; x_wconf 93' lang='lat'>1</span> <span class='ocrx_word' id='word_1_392' title='bbox 466 3046 517 3083; x_wconf 83' lang='lat' dir='ltr'><strong>cf.</strong></span> <span class='ocrx_word' id='word_1_393' title='bbox 544 3047 584 3082; x_wconf 90' lang='lat' dir='ltr'><strong>L.</strong></span> <span class='ocrx_word' id='word_1_394' title='bbox 605 3046 707 3093; x_wconf 69' lang='lat' dir='ltr'><strong>Jeep,</strong></span> <span class='ocrx_word' id='word_1_395' title='bbox 737 3048 824 3082; x_wconf 86' lang='lat' dir='ltr'><strong>‘Zur</strong></span> <span class='ocrx_word' id='word_1_396' title='bbox 849 3046 981 3083; x_wconf 85' lang='lat' dir='ltr'><strong>Gesch.</strong></span> <span class='ocrx_word' id='word_1_397' title='bbox 1007 3047 1073 3082; x_wconf 87' lang='lat' dir='ltr'><strong>der</strong></span> <span class='ocrx_word' id='word_1_398' title='bbox 1097 3047 1215 3083; x_wconf 85' lang='lat' dir='ltr'><strong>Lehre</strong></span> <span class='ocrx_word' id='word_1_399' title='bbox 1239 3059 1311 3083; x_wconf 87' lang='lat' dir='ltr'><strong>von</strong></span> <span class='ocrx_word' id='word_1_400' title='bbox 1336 3047 1408 3082; x_wconf 89' lang='lat' dir='ltr'><strong>den</strong></span> <span class='ocrx_word' id='word_1_401' title='bbox 1434 3045 1667 3081; x_wconf 82' lang='lat' dir='ltr'><strong>Redeteilen&#39;</strong></span> <span class='ocrx_word' id='word_1_402' title='bbox 1695 3056 1731 3090; x_wconf 88' lang='lat' dir='ltr'><strong>p.</strong></span> <span class='ocrx_word' id='word_1_403' title='bbox 1753 3048 1795 3079; x_wconf 85' lang='lat'><strong>12</strong></span> <span class='ocrx_word' id='word_1_404' title='bbox 1811 3055 1890 3088; x_wconf 88' lang='lat' dir='ltr'><strong>sqq.</strong></span> 
     </span>
    </p>
   </div>
  </div>
 </body>
</html>
