2144 3340
814 104 1182 143 PROLEGOMENA
1828 100 1877 137 XI

119 218 222 264 inde
257 218 447 262 ablatum
490 220 557 261 est
597 216 942 275 fragmentum
975 214 1271 269 Gasinense,
1311 213 1362 256 de
1401 227 1488 269 quo
1520 212 1634 255 infra
1665 211 1879 270 agendum

117 292 213 335 erit.
246 289 427 334 Saeculo
459 287 566 332 XIV
608 288 795 345 primum
841 286 911 330 Bo
924 286 1151 330 ccacium
1193 286 1274 330 hos
1319 285 1454 329 libros
1497 284 1670 327 novisse
1714 285 1879 327 certum

118 361 321 418 idemque
352 360 404 404 de
435 359 678 404 Petrai-ca
709 359 799 402 veri
832 359 972 402 simile
1004 360 1086 402 est:
1119 358 1234 414 apud
1266 372 1396 413 quem
1428 356 1544 412 quod
1576 357 1690 399 inter
1720 356 1881 412 epistu-

118 434 186 477 las
216 432 271 476 ad
301 434 465 477 veteres
496 432 685 475 illustres
717 430 763 473 in
794 430 981 486 epistula
1011 429 1065 473 ad
1096 428 1335 473 Varronem
1367 428 1511 486 (epist.
1544 428 1595 470 de
1626 427 1755 470 rebus
1780 426 1881 468 fam.

119 504 148 548 l.
172 503 319 548 XXIV
344 504 372 547 6
397 504 480 547 vol.
506 502 571 546 111
602 518 644 560 p.
669 502 757 545 276
789 502 852 545 ed.
878 501 1151 556 Fracassetti‚
1182 500 1296 544 Flor.
1322 497 1679 557 MDCCCLXIII)
1712 499 1772 541 sic
1798 500 1880 540 est:

119 577 282 620 ‘nullae
319 578 464 619 tamen
501 577 650 618 extant
684 573 754 618 vel
791 573 1021 617 admodum
1051 573 1214 616 lacerae
1246 575 1420 616 tuorum
1453 586 1631 627 operum
1662 570 1882 626 reliquiae,

118 663 145 692 e
170 647 329 704 quibus
354 647 499 703 aliqua
524 646 690 703 pridem
715 645 817 701 vidi,
842 648 886 689 et
909 645 1204 688 recordatione
1229 647 1435 700 torqueor
1460 643 1654 698 summis,
1679 645 1728 684 ut
1747 642 1881 695 aiunt,

120 719 250 763 labiis
287 722 485 778 gustatae
523 717 791 772 dulcedinis’,
830 716 937 761 haec
974 731 1076 760 sane
1118 716 1246 759 verba
1278 718 1469 772 spectare
1501 715 1704 758 videntur
1734 713 1881 770 potius

118 790 175 835 ad
208 790 432 835 ‘Varronis
462 789 790 848 agriculturam'
824 803 953 845 quam
979 787 1287 845 ‘exspectabat'
1315 802 1340 830 a
1364 786 1580 830 Gulielmo
1602 785 1881 842 Pastrengico

116 864 260 907 amico
292 865 422 919 atque
453 862 667 918 accepisse
699 861 752 904 ab
785 875 836 904 eo
867 862 1063 917 putatur:
1095 861 1148 903 cf.
1175 860 1298 916 epist.
1325 859 1377 902 de
1408 859 1538 902 rebus
1571 858 1672 901 fam.
1700 855 1803 900 XXI
1826 856 1878 900 11

121 933 187 978 111
204 949 246 991 p.
269 933 350 978 151
373 933 491 977 Frac.
517 937 561 976 et
578 932 626 976 P.
646 933 698 976 de
716 932 760 976 N
762 932 887 976 olhac
908 932 1159 989 ‘Petrarque
1178 935 1222 974 et
1242 931 1559 974 l'humanisme’
1579 929 1723 987 (Paris
1747 928 1882 985 1892)

122 1006 270 1063 p.173.
285 1005 478 1049 278.307
489 1020 551 1062 sq.
572 1004 657 1048 Sed
676 1005 789 1048 idem
810 1004 926 1060 quod
946 1004 1099 1047 scribit
1111 1003 1295 1047 Iohanni
1309 1003 1361 1046 de
1376 1002 1576 1046 Certaldo
1591 1001 1882 1046 i.e.Boccacio

119 1077 267 1135 (epist.
293 1078 346 1121 de
370 1077 499 1121 rebus
523 1077 624 1120 fam.
645 1075 796 1119 XVIII
814 1076 844 1118 4
863 1098 908 1110 =
929 1074 972 1118 H
991 1092 1030 1132 p.
1050 1076 1139 1118 479
1159 1073 1298 1132 Frac.)
1326 1074 1537 1130 recepisse
1566 1088 1610 1117 se
1632 1073 1808 1116 ‘librum
1829 1087 1883 1116 ex

122 1149 332 1193 Varronis
369 1164 420 1193 ac
452 1148 669 1192 Ciceronis
707 1148 927 1205 opusculis
959 1148 1130 1191 eximiis
1162 1162 1339 1203 prorsus
1371 1149 1414 1189 et
1444 1146 1569 1189 raris’
1602 1146 1721 1189 illius
1753 1159 1882 1188 manu

120 1221 345 1278 scriptum,
376 1235 427 1263 eo
458 1221 616 1263 rectius
640 1219 725 1263 hoc
749 1219 962 1262 trahimus
993 1219 1048 1262 ad
1071 1219 1206 1263 libros
1232 1219 1284 1262 de
1308 1219 1460 1275 lingua
1484 1218 1621 1260 latina
1646 1217 1714 1260 vel
1740 1219 1883 1272 partes

119 1307 284 1348 eorum,
310 1292 413 1348 quia
437 1294 480 1334 et
499 1291 758 1336 Boccacium
783 1291 852 1334 his
877 1291 1095 1334 interdum
1114 1305 1240 1333 usum
1260 1304 1352 1333 esse
1372 1292 1542 1333 constat
1560 1314 1619 1320 —
1640 1289 1716 1344 qui
1735 1289 1882 1332 decem

122 1363 239 1407 locos
259 1379 312 1407 ex
329 1363 442 1406 libro
462 1364 628 1419 quinto,
647 1363 713 1405 bis
732 1377 867 1405 unum
887 1377 939 1405 ex
958 1362 1070 1405 libro
1091 1363 1275 1418 septimo
1295 1361 1473 1405 adhibet
1487 1360 1558 1418 (cf.
1572 1360 1724 1404 Hortis
1740 1359 1881 1403 ‘Studi

119 1437 233 1479 sune
252 1450 380 1492 opere
398 1434 552 1478 Latine
571 1434 616 1478 di
639 1434 890 1478 Boccaccio’
910 1434 1121 1491 [Tergest.
1141 1450 1176 1477 a.
1199 1433 1334 1490 1879]
1361 1449 1400 1490 p.
1414 1431 1522 1491 435)
1546 1459 1600 1463 —
1621 1435 1665 1475 et
1683 1432 1884 1475 Petrarca

122 1507 216 1563 ipse
242 1522 376 1550 unum
401 1506 555 1549 saltem
574 1506 718 1550 locum
739 1521 792 1548 ex
810 1506 895 1550 hoc
913 1506 1074 1562 scripto
1095 1509 1224 1561 atque
1250 1520 1303 1548 ex
1322 1521 1370 1548 ea
1388 1508 1510 1562 parte
1537 1519 1665 1560 quam
1686 1504 1884 1547 exhibuit

123 1578 276 1622 Petrus
291 1578 509 1621 Diaconus
523 1576 581 1635 (v.
595 1576 642 1636 i.)
657 1577 838 1621 ‘Tuscus
851 1578 987 1621 vicus'
1002 1578 1065 1620 ita
1085 1578 1256 1634 excitat,
1275 1580 1324 1620 ut
1343 1593 1439 1620 eum
1460 1578 1603 1632 ipsum
1623 1577 1884 1632 excerpsisse

120 1653 340 1707 appareat.
402 1649 584 1694 Accedit
616 1649 732 1706 quod
762 1649 982 1693 Antonius
1013 1649 1172 1693 Loschi
1204 1650 1318 1692 inter
1347 1649 1484 1692 libros
1516 1648 1742 1691 Petrarcae
1767 1647 1883 1690 hunc

121 1722 293 1766 videtur
323 1721 499 1765 vidisse:
532 1721 584 1764 cf.
615 1721 663 1764 P.
690 1721 741 1764 de
766 1721 938 1766 Nolhac
962 1737 1002 1778 p.
1028 1722 1116 1765 243
1143 1723 1185 1764 et
1211 1721 1297 1764 307
1320 1735 1382 1776 sq.
1413 1720 1566 1776 Neque
1592 1720 1702 1763 illud
1732 1719 1779 1762 in
1803 1719 1883 1761 hac

119 1793 374 1850 quaestione
409 1793 725 1851 neglegendum
757 1795 835 1848 est,
867 1793 984 1849 quod
1014 1794 1060 1836 in
1091 1794 1167 1836 ina
1204 1793 1258 1835 ad
1289 1792 1528 1835 Varronem
1561 1792 1747 1848 epistula
1778 1791 1885 1847 legi-

124 1879 237 1908 mus:
271 1866 388 1908 ‘tuus
421 1863 582 1921 Cicero,
614 1865 689 1921 qui
721 1864 858 1909 multa
889 1865 971 1908 tibi
1003 1867 1046 1908 et
1077 1866 1147 1908 cui
1178 1868 1227 1908 tu
1257 1866 1396 1907 multa
1422 1899 1429 1907 .
1451 1898 1460 1906 .
1481 1898 1490 1907 .
1516 1863 1756 1920 scripsisti'.
1806 1862 1885 1905 At-

120 1951 208 1992 que
249 1936 526 1980 memorabile
566 1940 632 1980 est
663 1951 776 1980 anno
809 1937 940 1980 etiam
975 1937 1088 1980 1401
1130 1936 1446 1980 Leonardum
1486 1936 1645 1979 Bruni
1686 1935 1885 1978 Arreti·

125 2023 242 2050 num
284 2008 503 2065 dialogum
535 2008 719 2051 edidisse
749 2008 818 2051 ‘de
858 2009 1001 2052 tribus
1031 2009 1205 2052 vatibus
1236 2007 1529 2063 Florentinis',
1560 2007 1602 2049 in
1638 2021 1724 2063 quo
1755 2005 1886 2049 Nico·

127 2079 244 2121 laum
275 2078 447 2123 Niccoli
479 2078 808 2135 Colluciumque
840 2078 1084 2123 Salutatum
1126 2080 1189 2122 sic
1229 2080 1342 2123 inter
1373 2094 1419 2122 se
1461 2081 1755 2135 colloquentes
1787 2092 1885 2135 pro-

123 2150 247 2193 ducit
277 2149 337 2207 (p.
367 2151 419 2193 17
447 2153 491 2194 et
518 2150 573 2193 19
606 2150 669 2194 ed.
694 2150 895 2208 Wotke):
929 2150 992 2195 Ἥ.
1022 2150 1180 2195 Nonne
1211 2150 1418 2206 videmus,
1451 2166 1581 2207 quam
1612 2150 1758 2207 amplo
1791 2149 1883 2205 pul-

126 2221 427 2278 cherrimoque
457 2222 720 2279 patrimonio
753 2222 859 2266 haec
889 2225 1039 2266 nostra
1070 2226 1266 2279 tempora
1291 2222 1477 2278 spoliata
1502 2222 1619 2265 sint?
1668 2221 1755 2264 Vbi
1783 2225 1884 2264 sunt

127 2292 186 2336 M.
200 2293 410 2337 Varronis
441 2294 554 2350 libri,
586 2293 659 2350 qui
685 2293 755 2337 vel
786 2294 868 2337 soli
899 2294 1039 2337 facere
1071 2297 1250 2351 possent
1275 2294 1503 2351 sapientes,
1535 2295 1580 2337 in
1606 2293 1766 2349 quibus
1793 2296 1885 2336 erat

126 2365 285 2408 latinae
315 2365 490 2423 linguae
515 2366 775 2422 explicatio?
806 2381 841 2409 e.
862 2381 901 2422 q.
922 2381 955 2409 s.
987 2366 1028 2410 S.
1054 2366 1254 2409 Perditus
1280 2369 1346 2409 est
1370 2365 1427 2409 M.
1441 2365 1591 2409 Varro.
1636 2365 1882 2408 Dolendum

124 2438 205 2493 est,
235 2436 385 2493 fateor,
417 2439 460 2479 et
490 2438 669 2480 moleste
709 2437 950 2481 ferendum’
982 2452 1015 2480 e.
1037 2453 1075 2494 q.
1096 2451 1127 2480 s.
1191 2437 1308 2489 Quae
1340 2438 1471 2480 verba
1502 2436 1714 2480 Leonardi
1746 2436 1883 2479 Bruni

126 2507 423 2552 demonstrant
465 2523 603 2564 neque
646 2509 771 2552 illum
814 2511 908 2552 tum
951 2509 1122 2552 novisse
1167 2509 1358 2554 codicem
1403 2509 1575 2552 interim
1620 2508 1883 2552 Florentiam

126 2579 386 2623 translatum
412 2579 493 2638 (F)
525 2595 664 2636 neque
694 2580 803 2634 aliis,
834 2583 883 2623 ut
914 2580 998 2638 ipsi
1027 2580 1211 2624 Nicolao
1237 2581 1280 2623 N
1283 2581 1421 2635 iccoli,
1453 2580 1546 2623 eius
1578 2580 1778 2623 notitiam
1810 2579 1883 2621 tri-

128 2650 272 2696 buisse
297 2650 445 2709 (quem
469 2652 554 2695 fuit
578 2653 654 2707 qui
679 2652 802 2695 illum
827 2651 988 2695 librum
1014 2655 1062 2694 ut
1087 2655 1156 2696 tot
1181 2653 1288 2696 alios
1313 2651 1594 2708 acquisivisse
1620 2649 1884 2708 conicereti).
1952 2696 1958 2703 ,

128 2720 265 2766 Paulo
296 2726 396 2779 post
425 2726 569 2767 tamen
595 2723 839 2768 Florentiae
856 2723 1067 2768 Varronis
1097 2724 1198 2767 libri
1229 2723 1420 2767 crebrius
1452 2737 1501 2766 ac
1532 2722 1783 2780 diligentius
1816 2722 1883 2765 de-

126 2793 261 2837 scribi
292 2795 434 2851 coepti
465 2797 583 2838 sunt:
615 2798 718 2839 tunc
750 2795 920 2838 demum
953 2795 1007 2838 ad
1041 2796 1176 2839 vitam
1208 2795 1335 2838 rediit
1366 2794 1672 2852 grammaticus
1704 2793 1883 2836 diutinis

130 2866 319 2909 tenebris
351 2880 591 2923 oppressus.

250 2935 334 2980 Sed
365 2938 447 2981 etsi
478 2938 691 2981 nescimus
722 2938 819 2994 quis
851 2938 1042 2983 codicem
1074 2939 1249 2982 unicum
1281 2938 1562 2993 contraxerit,
1593 2940 1738 2980 tamen
1770 2939 1884 2980 certa

130 3007 219 3050 fere
259 3008 505 3052 coniectura
545 3012 714 3052 constat
754 3010 866 3053 unde
907 3010 1083 3053 venerit.
1146 3009 1258 3052 Nam
1302 3009 1459 3052 codex
1500 3007 1798 3051 Casinensis
1840 3009 1882 3050 in
