2176 3386
213 221 258 252 34

214 1217 258 1248 35

214 1791 259 1822 36

216 2004 260 2035 37

288 101 372 143 154
914 102 977 137 DE
1003 101 1188 138 LINGVA
1212 102 1394 138 LATINA

404 210 473 252 27.
517 211 591 265 qui
623 212 767 252 autem
799 210 882 252 duo
909 225 1064 267 genera
1096 225 1186 253 esse
1218 211 1365 253 dicunt
1396 212 1629 268 analogiae,
1659 228 1790 255 unum
1823 213 2028 271 naturale,

285 283 398 337 quod
435 284 484 324 ut
522 297 573 324 ex
605 282 757 337 †natis
788 284 1023 324 nascuntur
1061 282 1189 324 lentis
1231 282 1291 325 sic
1332 285 1374 324 et
1413 283 1628 339 lupinum,
1669 284 1849 327 alterum
1881 273 2046 328 volunss

283 354 459 406 tarium,
490 356 539 395 ut
570 353 615 395 in
647 353 827 407 fabrica,
859 366 956 395 cum
986 352 1133 395 vident
1151 367 1334 395 vscenam
1365 356 1414 395 ut
1445 354 1491 396 in
1522 355 1761 397 dexteriore
1791 359 1912 411 parte
1931 356 2029 399 'sint

285 425 414 479 ostia,
456 423 516 466 sic
557 438 649 466 esse
689 425 735 466 in
776 423 1038 466 sinisteriore
1079 424 1210 466 simili
1247 426 1414 467 ratione
1444 426 1621 481 factam,
1662 426 1713 468 de
1752 427 1822 469 his
1863 427 2030 470 duobus

285 495 512 551 generibus
550 494 790 537 naturalem
829 509 919 538 esse
957 494 1203 551 analogian,
1242 498 1291 537 ut
1324 496 1380 538 sit
1417 496 1462 538 in
1492 498 1681 540 motibus
1718 498 1841 554 caeli,
1880 498 2030 541 volun-
2067 516 2082 542 5

283 567 435 608 tariam
475 581 562 608 non
601 581 711 620 esse,
753 566 867 621 quod
898 569 947 607 ut
978 566 1221 622 quo<i>que
1258 567 1380 610 fabro
1412 567 1599 610 lubitum
1638 569 1694 611 sit
1724 569 1862 625 possit
1891 570 2031 613 facere

284 638 418 692 partis
456 652 622 680 scenae:
667 638 728 680 sic
766 638 811 679 in
846 637 1069 680 hominum
1108 638 1302 693 partibus
1340 653 1431 681 esse
1475 639 1713 696 analogias,
1754 640 1868 695 quod
1905 640 2032 695 ea<s>

284 711 436 751 natura
467 709 615 764 faciat,
653 708 697 750 in
728 709 869 751 verbis
900 724 988 751 non
1019 724 1128 764 esse,
1161 709 1275 764 quod
1307 724 1356 751 ea
1387 710 1583 752 homines
1616 711 1668 752 ad
1699 725 1819 753 suam
1851 711 2031 767 quisque

284 781 552 822 voluntatem
583 780 732 836 fingat,
763 781 909 835 itaque
941 779 991 822 de
1023 779 1182 822 eisdem
1214 781 1340 823 rebus
1373 781 1456 823 alia
1487 781 1615 824 verba
1646 782 1802 824 habere
1835 781 2032 837 Graecos,

284 852 367 893 alia
400 851 550 907 Syros,
594 851 677 893 alia
708 851 903 894 Latinos:
948 865 1027 907 ego
1066 851 1301 894 declinatus
1338 852 1566 895 verborum
1604 855 1646 895 et
1684 853 1952 896 voluntarios
1988 846 2036 896 et⁸
2051 871 2085 897 ιο

283 923 493 965 naturalis
525 937 616 965 esse
647 925 772 978 puto,
810 922 1077 964 voluntarios
1110 923 1265 978 quibus
1295 923 1492 966 homines
1523 923 1732 967 vocabula
1761 924 2032 980 imposierint

284 994 412 1035 rebus
445 994 670 1048 quaedam,
708 996 756 1035 ut
794 994 846 1036 ab
880 993 1065 1036 Romulo
1097 993 1252 1050 Roma,
1290 995 1343 1036 ab
1375 994 1532 1037 Tibure
1563 993 1780 1050 Tiburtes,
1816 995 2031 1038 naturales

284 1068 333 1107 ut
371 1065 424 1106 ab
462 1065 677 1120 impositis
715 1064 936 1107 vocabulis
975 1079 1083 1120 quae
1122 1065 1382 1108 inclinantur
1418 1067 1463 1108 in
1493 1068 1687 1122 tempora
1718 1069 1792 1109 aut
1823 1067 1867 1108 in
1898 1081 2032 1122 casus,

284 1139 333 1178 ut
377 1137 429 1178 ab
473 1136 743 1192 (Romulus)
773 1135 971 1179 ‚Romulo
1017 1135 1192 1178 Romuli
1235 1136 1469 1179 Romulum
1514 1139 1555 1179 et
1598 1137 1651 1179 ab
1702 1138 1795 1180 dico
1841 1137 2031 1181 dicebam

286 1207 485 1250 dixeram.
548 1208 693 1263 itaque
738 1208 782 1250 in
824 1207 1079 1250 voluntariis
1124 1207 1483 1250 declinationibus
1527 1209 1814 1252 inconstantia
1857 1213 1938 1265 est,
1986 1210 2031 1252 in
2052 1230 2085 1257 15

285 1279 555 1322 naturalibus
581 1279 841 1335 constantia3
874 1293 978 1334 quas
1004 1282 1206 1334 utrasque
1232 1280 1435 1334 quoniam
1467 1280 1524 1322 iei
1553 1294 1640 1322 non
1666 1280 1848 1322 debeant
1876 1295 2032 1338 negare

286 1365 377 1393 esse
414 1351 459 1392 in
492 1351 701 1404 oratione,
743 1364 873 1405 quom
911 1351 955 1392 in
987 1350 1134 1392 mundi
1173 1350 1368 1405 partibus
1401 1352 1597 1394 omnibus
1635 1352 1739 1407 sint,
1779 1354 1822 1393 et
1854 1351 2032 1394 declina-

285 1422 424 1464 tiones
466 1422 692 1465 verborum
734 1422 1085 1477 innumerabiles,
1129 1422 1355 1465 dicendum
1392 1425 1456 1465 est
1493 1437 1583 1465 esse
1619 1425 1666 1465 in
1696 1424 1763 1466 his
1801 1423 2032 1480 analogias.

284 1508 422 1549 neque
461 1494 557 1537 ideo
596 1495 743 1537 statim
782 1509 831 1536 ea
867 1494 913 1536 in
951 1494 1150 1536 omnibus
1181 1494 1322 1537 verbis
1361 1497 1426 1537 est
1463 1495 1694 1550 sequenda:
1736 1510 1836 1537 nam
1875 1495 1912 1537 si
1949 1509 2033 1550 qua

285 1580 507 1621 perperam
553 1565 781 1608 declinavit
818 1565 950 1608 verba
993 1566 1275 1621 consuetudo,
1318 1568 1367 1608 ut
1405 1580 1454 1608 ea
1496 1566 1621 1608 aliter
1665 1566 1755 1609 sine
1799 1565 2032 1609 offensione
2053 1586 2087 1612 20

286 1636 521 1679 multorum
558 1637 728 1692 <efferri
758 1651 847 1678 non
877 1636 1091 1693 possint),
1131 1636 1231 1679 hinc
1269 1636 1545 1692 [o]rationem
1583 1637 1810 1679 verborum
1848 1639 2034 1692 praeter-

286 1707 540 1749 mittendam
573 1707 760 1750 ostendit
791 1708 996 1763 loquendi
1027 1709 1149 1750 ratio.

405 1779 474 1821 28.
519 1779 633 1834 quod
665 1779 718 1821 ad
749 1779 990 1822 universam
1021 1779 1206 1834 pertinet
1239 1794 1421 1835 causam,
1454 1794 1528 1822 cur
1559 1779 1795 1822 similitudo
1828 1782 1870 1822 et
1901 1780 1958 1822 sit
1989 1780 2034 1821 in

287 1850 480 1892 oratione
512 1853 554 1892 et
587 1850 737 1892 debeat
770 1850 988 1892 observari
1020 1852 1063 1892 et
1095 1865 1221 1905 quam
1254 1851 1306 1892 ad
1337 1851 1466 1893 finem
1499 1865 1687 1906 quoque,
1724 1852 1827 1893 satis
1860 1851 2033 1893 dictum.

289 1936 420 1976 quare
453 1922 567 1977 quod
600 1922 794 1977 sequitur
825 1922 876 1963 de
903 1921 1096 1977 partibus
1129 1922 1310 1978 singulis
1343 1922 1541 1977 deinceps
1574 1922 1846 1977 expediemus
1877 1937 1926 1965 ac
1951 1923 2033 1964 sin·
2052 1941 2086 1968 25

289 1994 390 2049 gula
423 1993 602 2035 crimina
634 2007 742 2048 quae
775 1992 923 2035 dicunt
962 1993 1167 2048 (contra)
1207 1993 1425 2049 analogias
1468 1993 1694 2036 solvemus.
1752 1994 1797 2035 in
1829 2008 1913 2048 quo
1946 1993 2033 2035 ani-

286 2064 542 2106 madvertito
574 2067 728 2106 natura
761 2064 1082 2119 quadruplicem
1115 2079 1206 2106 esse
1238 2063 1433 2120 formam,
1465 2064 1517 2107 ad
1549 2079 1676 2120 quam
1708 2066 1754 2107 in
1783 2064 2033 2107 declinando

287 2136 602 2179 accommodari
646 2135 827 2178 debeant
870 2135 1017 2178 verba:
1062 2136 1177 2190 quod
1227 2135 1377 2178 debeat
1427 2136 1599 2178 subesse
1642 2150 1709 2178 res
1754 2136 1916 2191 qu<a>e
1966 2135 2034 2177 de-

288 2207 570 2263 signe[n]tu1·,
611 2210 654 2249 et
685 2210 734 2249 ut
764 2207 821 2249 sit
853 2222 901 2249 ea
932 2221 998 2249 res
1030 2207 1075 2248 in
1106 2222 1204 2261 usu,
1245 2209 1288 2249 et
1324 2209 1373 2249 ut
1403 2207 1710 2250 vocis-natura
1747 2221 1796 2249 ea
1833 2207 1889 2249 sit
1927 2221 2033 2262 quae

289 2279 565 2334 significavit,
605 2281 654 2320 ut
687 2278 889 2320 declinari
920 2279 1074 2334 possit,
1113 2282 1155 2320 et
1186 2278 1463 2334 [similitudo]
1495 2278 1634 2335 figura
1665 2278 1784 2320 verbi
1816 2280 1865 2320 ut
1896 2278 1952 2320 sit
1984 2292 2033 2320 ea
2052 2297 2086 2323 so

409 2399 427 2429 1
457 2395 511 2439 Cf.
533 2383 768 2432 Ammon.'in
787 2395 939 2431 Aristot.
965 2407 1003 2430 π.
1031 2395 1107 2440 ἑρμ.
1135 2398 1192 2438 34,
1213 2398 1260 2430 10
1271 2406 1343 2440 sqq.
1364 2396 1483 2431 Busse
1510 2395 1771 2438 (Reitzenstein
1791 2406 1828 2440 p.
1849 2397 1898 2430 24
1909 2406 1959 2440 sq.
1987 2397 2034 2430 55

288 2442 375 2478 adn.
405 2445 440 2486 1)
475 2444 486 2488 ll
522 2447 542 2477 8
577 2443 630 2488 Cf.
658 2444 754 2479 Sext.
775 2443 884 2488 Emp.
920 2443 1002 2478 adv.
1028 2441 1190 2478 mathem.
1217 2442 1244 2489 §
1271 2446 1338 2478 145
1373 2447 1406 2478 et
1433 2443 1597 2478 Ammon.
1625 2443 1646 2478 l.
1672 2454 1699 2478 s.
1731 2454 1759 2479 s.
1779 2454 1820 2488 p.
1846 2445 1905 2485 19,
1925 2445 2034 2487 9sqq.

289 2490 550 2534 (Reitzenstein
570 2502 610 2535 p.
637 2493 684 2526 35
710 2491 796 2526 adn.
824 2494 862 2535 1)
889 2492 900 2536 Η
928 2493 970 2525 10
983 2502 1033 2535 sq.
1063 2490 1116 2534 Cf.
1146 2491 1252 2525 VIII
1270 2493 1318 2526 21
1331 2501 1380 2535 sq.
1409 2490 1450 2525 X
1475 2493 1520 2525 15
1552 2491 1563 2535 Η
1597 2494 1639 2524 12
1669 2490 1722 2534 Cf.
1750 2491 1799 2525 ad
1826 2490 1932 2526 VIII
1952 2492 1999 2525 53
2023 2491 2034 2535 ΙΙ

289 2540 333 2572 28
362 2537 416 2580 Cf.
444 2538 485 2571 X
509 2541 578 2581 83;
606 2539 759 2584 Quintil.
788 2539 863 2573 III
884 2541 918 2580 6,
939 2541 987 2573 37
1014 2538 1275 2582 (Reitzenstein
1294 2550 1332 2583 p.
1355 2541 1402 2573 60
1427 2539 1513 2573 adn.
1537 2540 1573 2582 1)

411 2642 427 2672 1
457 2643 483 2682 q
509 2640 558 2673 afi
588 2640 599 2683 11
631 2643 651 2673 2
679 2638 870 2685 (lentibus
897 2639 1119 2685 semi>natis
1144 2651 1165 2675 v
1196 2641 1200 2683 Ι
1232 2639 1284 2674 sic
1310 2638 1355 2673 ὅδε
1389 2639 1441 2674 516
1467 2649 1511 2673 ex
1537 2638 1735 2686 (lupinis)
1761 2650 1782 2674 v
1813 2640 1824 2684 ΙΙ
1857 2641 1876 2673 6
1904 2640 1955 2683 qq
1981 2639 2035 2683 (ut

288 2687 406 2730 saepe)
432 2687 442 2730 Η
469 2689 487 2720 7
515 2687 590 2722 add
615 2687 709 2722 Laet
733 2688 743 2731 Η
772 2689 815 2720 10
842 2687 932 2722 siros
964 2688 974 2731 ΙΙ
1008 2690 1051 2721 12
1078 2687 1208 2731 tybere
1232 2686 1403 2731 tyburtes
1432 2690 1436 2730 Ι
1464 2698 1533 2722 an:
1558 2686 1722 2721 Tiburtis
1746 2686 1802 2722 vel
1826 2684 2035 2721 Tiburtus?

289 2745 320 2768 υ.
348 2738 422 2768 test.
443 2734 493 2768 ad
518 2737 602 2776 138,
617 2737 662 2769 15
687 2736 698 2779 l}
726 2737 768 2768 13
794 2734 837 2768 ut
862 2734 919 2769 del
937 2733 997 2779 Sp.
1022 2734 1026 2779 Ι
1049 2735 1177 2779 tepore
1202 2735 1213 2779 Π
1241 2737 1283 2768 16
1310 2734 1566 2778 Inconstantia
1591 2735 1748 2779 (puncta
1772 2733 1876 2776 infra
1900 2745 1926 2767 n
1944 2744 1989 2768 m.
2010 2735 2036 2767 2

290 2785 331 2816 ut
355 2781 430 2825 vid)
459 2782 464 2826 Ι
494 2781 553 2817 ΙΕ]
563 2802 568 2808 ·
595 2785 620 2815 fi
645 2783 655 2827 11
684 2785 725 2816 17
753 2783 827 2825 qua
853 2783 863 2826 ΙΙ
889 2785 932 2815 21
959 2783 1068 2826 suppl
1088 2782 1164 2817 Αἶά
1195 2783 1293 2828 (post
1324 2781 1464 2827 aliter),
1491 2783 1567 2817 trai
1584 2781 1645 2826 Sp.
1674 2782 1679 2826 1
1706 2780 1874 2819 multon·
1903 2779 1999 2814 Hinc
2023 2781 2034 2825 ΙΙ

291 2832 335 2862 22
349 2840 398 2873 sq.
425 2829 520 2864 ratio
541 2828 593 2873 qd
612 2856 619 2863 .
642 2857 649 2864 .
673 2857 679 2864 .
701 2831 829 2865 causa·
858 2828 930 2864 Gur
954 2830 964 2873 ΙΙ
991 2832 1035 2863 25
1062 2829 1258 2874 deInceps,
1284 2842 1308 2863 n
1334 2841 1378 2865 eoe
1402 2841 1427 2864 u
1452 2831 1548 2865 inter
1565 2828 1794 2864 scribendum
1819 2828 1830 2872 ΙΙ
1856 2831 1899 2862 26
1924 2828 2035 2872 suppl

291 2905 352 2950 Sp.
381 2906 443 2949 (cf.
471 2909 554 2949 148,
572 2909 638 2951 29)
671 2908 681 2952 Η
713 2910 757 2941 28
771 2918 820 2951 sq.
849 2906 1016 2941 subesse·
1043 2917 1139 2950 resq3
1166 2878 1367 2951 designent
1391 2907 1396 2953 1
1425 2906 1501 2942 add
1527 2906 1622 2942 Rhol
1648 2906 1653 2950 1
1681 2905 1738 2940 del
1764 2905 1858 2940 Laet
1885 2905 1889 2951 Ι
1917 2906 1959 2939 ut
1986 2904 2036 2939 sit

292 2963 394 2987 cares
414 2954 424 2999 ΙΙ
445 2957 488 2988 30
510 2955 551 2988 ut
570 2958 654 2989 ante
674 2953 852 2989 declinari
873 2955 942 3000 leyi
960 2954 1085 2998 nequit
1103 2958 1136 2989 et
1153 2954 1227 2997 fere
1240 2954 1346 2989 aliud
1363 2954 1502 2990 subesse
1515 2954 1658 2988 videtur
1679 2953 1683 2997 Ι
1705 2953 1775 2988 secl
1788 2952 1874 2987 Ant.
1888 2952 2016 2987 Miller
2022 2965 2036 2995 ;

292 3011 360 3035 an:
386 3000 590 3035 similitudo
615 3001 838 3049 figura<ve>
864 3000 1000 3036 verbi?
