2176 3386
217 293 261 324 25

219 720 263 752 26

218 1148 262 1178 27

221 1504 265 1536 28

225 2217 269 2249 29

290 99 373 142 152
914 101 979 137 ΒΕ
1004 101 1189 140 LENGVA
1214 102 1396 139 LATINA

287 224 387 264 non,
418 209 774 264 quemadmodum
806 210 1006 266 quodque
1038 213 1210 269 signum
1240 214 1437 255 exortum
1461 210 1545 253 1100
1570 225 1693 267 ann0,
1725 209 1878 269 [quod]
1911 214 2032 267 quot-

289 282 395 336 quot
426 281 549 323 annis
580 281 729 323 eodem
761 282 886 324 modo
919 283 1140 326 exoritur?
1195 298 1299 326 num
1330 283 1455 325 aliter
1492 281 1557 324 sol
1595 297 1619 323 a
1649 282 1802 324 bruma
1831 282 1950 325 venit
1980 282 2034 325 ad
2060 270 2065 274 ⁴

288 351 624 409 aequinoctium,
655 366 704 394 ac
741 356 889 395 contra
927 368 1022 397 cum
1061 354 1114 396 ad
1151 354 1384 397 solstitium
1420 353 1549 409 venit,
1587 354 1638 396 ad
1679 353 2033 409 aequinoctialem

289 423 495 466 circulum
536 426 579 466 et
617 423 716 466 inde
757 424 810 466 ad
848 424 1077 469 brumam?
1137 440 1280 469 nonne
1315 426 1437 480 luna,
1472 427 1522 467 ut
1559 424 1612 467 ab
1651 424 1739 467 sole
1770 424 1952 468 discedit
1981 424 2035 468 ad

289 494 531 548 aquilonem
564 497 606 537 et
636 494 734 536 inde
765 496 877 539 redit
907 497 953 539 in
983 497 1159 540 eandem
1190 497 1321 552 viam,
1359 496 1421 539 sic
1457 496 1554 538 inde
1584 495 1722 538 fertur
1757 496 1811 538 ad
1841 498 2034 539 austrum
2070 513 2086 540 ⁶

289 568 331 608 et
361 565 601 621 regreditur
631 565 759 608 inde‘?
809 567 881 610 sed
913 568 1017 623 quid
1046 569 1172 623 plura
1202 568 1254 610 de
1284 567 1411 610 astris
1417 582 1441 623 ,'
1468 567 1544 610 ubi
1576 566 1793 610 difficilius
1823 567 2035 622 reperitur

290 636 394 691 quid
426 636 482 678 sit
514 639 588 679 aut
618 637 695 679 fiat
726 638 771 680 in
801 639 990 682 motibus
1023 638 1317 682 dissimiliter?

411 708 477 750 19.
521 710 566 750 at
595 709 641 751 in
671 710 793 765 mari,
823 710 961 766 credo,
992 713 1134 753 motus
1159 725 1247 753 non
1271 710 1432 753 habent
1463 709 1875 765 [dis]similitudines
1905 709 2036 766 gemi-

289 794 378 835 nas,
410 780 485 835 qui
516 780 562 822 in
592 779 760 823 XXIIII
790 781 909 824 horis
939 781 1162 824 lunaribus
1194 781 1351 824 cotidie
1382 783 1534 836 quater
1565 795 1610 822 se
1640 783 1826 836 mutant,
1857 794 1907 823 ac
1937 794 2034 823 cum

291 865 365 893 sex
395 850 513 894 horis
545 851 745 907 <a>estus
778 855 1020 908 creverunt,
1051 852 1230 895 totidem
1262 853 1551 907 decreverunt,
1581 867 1728 894 rursus
1759 851 1884 908 idem,
1915 851 2035 894 item-
2050 844 2089 896 =10

291 937 374 978 que
399 923 452 965 ab
479 922 558 964 his.
608 938 663 965 an
687 923 798 965 hanc
823 923 1049 980 analogian
1076 924 1129 966 ad
1155 924 1267 966 diem
1293 926 1475 979 servant,
1506 923 1559 965 ad
1590 937 1775 966 mensem
1809 937 1898 965 non
1922 923 2035 978 item,

290 993 398 1036 alios
441 996 583 1037 motus
628 995 688 1036 810
726 994 828 1036 item
866 1010 962 1037 cum
997 995 1183 1037 habeant
1220 994 1328 1037 alios
1365 995 1477 1037 inter
1513 1009 1558 1036 se
1595 993 1923 1037 convenientes?
1984 993 2036 1037 de

292 1065 447 1120 quibus
478 1065 524 1107 in
554 1065 666 1108 libro
700 1080 826 1120 quem
858 1066 909 1108 de
939 1066 1220 1121 <a>estuariis
1251 1066 1333 1108 feci
1366 1066 1529 1120 scripsi.

409 1136 477 1178 20.
521 1151 610 1179 11011
640 1136 686 1179 111
716 1139 829 1180 terra
859 1138 905 1179 in
936 1137 1176 1180 sationibus
1203 1140 1371 1181 servata
1395 1136 1620 1192 analogia?
1669 1150 1749 1179 nec
1775 1136 1895 1178 euius
1919 1136 2037 1179 modi

290 1208 336 1250 in
372 1208 602 1263 praeterito
640 1211 832 1264 tempore
870 1209 1089 1251 fructuum
1126 1223 1283 1266 genera
1313 1208 1509 1263 reddidit,
1548 1207 1705 1250 similia
1741 1207 1786 1249 in
1822 1208 2036 1263 praesenti
2055 1223 2089 1251 15

290 1279 460 1321 reddit?
509 1281 552 1321 et
577 1280 698 1322 cuius
718 1279 834 1322 modi
858 1280 1005 1323 tritico
1032 1280 1144 1323 iacto
1170 1279 1355 1322 reddidit
1381 1281 1558 1336 segetes,
1585 1279 1646 1322 sic
1672 1279 1798 1321 ordeo
1826 1281 1918 1322 sato
1942 1293 2038 1334 pro—

290 1352 488 1406 portione
514 1351 700 1393 reddidit
724 1351 902 1406 parih's?
950 1366 1050 1408 non,
1081 1354 1131 1393 ut
1156 1351 1332 1407 Europa
1356 1350 1487 1393 habet
1511 1351 1690 1393 fiumina
1719 1350 1850 1406 lacus,
1880 1350 2037 1392 montis

292 1436 477 1477 campos,
511 1422 573 1464 sic
603 1422 735 1464 habet
764 1421 899 1465 Asia?

411 1494 479 1535 21.
523 1508 611 1536 non
637 1493 678 1534 in
707 1494 952 1536 volucribus
978 1494 1214 1551 generatim
1241 1496 1433 1536 servatur
1457 1492 1683 1549 analogia?
1732 1507 1820 1535 11011
1845 1507 1898 1534 ex
1922 1493 2040 1548 aqui-

291 1564 345 1607 lis
377 1564 547 1620 aquilae
579 1567 708 1620 atque
748 1567 796 1607 ut
828 1580 879 1607 ex
910 1565 1046 1607 turdis
1085 1565 1160 1620 qui
1196 1566 1476 1621 procreantur
1512 1564 1645 1619 turdi,
1688 1564 1750 1606 sic
1781 1579 1832 1606 ex
1862 1563 2038 1618 reliquis
2058 1579 2093 1607 πο

293 1635 421 1691 8111[8]
454 1636 660 1691 cuiusque
691 1636 890 1693 generis?

413 1707 480 1749 22.
525 1722 580 1749 an
616 1707 739 1749 aliter
778 1707 861 1749 hoc
897 1707 948 1749 fit
986 1722 1112 1762 quam
1154 1707 1200 1748 in
1230 1721 1324 1749 aere
1361 1707 1406 1748 in
1438 1707 1577 1761 aqua?
1635 1721 1723 1748 non
1752 1706 1824 1749 hic
1855 1706 2040 1749 conchae

293 1779 406 1821 inter
442 1793 487 1820 se
526 1779 760 1834 generatim
793 1778 1099 1821 innumerabili
1135 1793 1311 1821 numero
1351 1777 1540 1820 similes?
1588 1792 1678 1820 non
1707 1777 1875 1834 pisces?
1926 1775 2040 1834 [s]an

295 1865 317 1892 e
347 1864 525 1892 murena
561 1849 611 1891 fit
647 1850 774 1904 lupus
813 1852 887 1891 aut
923 1849 1114 1892 merula?
1170 1864 1257 1892 non
1287 1849 1365 1892 bos
1399 1849 1453 1891 ad
1484 1848 1638 1891 bovem
1676 1850 1855 1892 collatus
1887 1848 2041 1890 similis

294 1924 337 1963 et
369 1921 443 1976 qui
469 1936 521 1963 ex
546 1921 614 1963 his
639 1923 978 1977 progenerantur
1002 1920 1114 1963 inter
1145 1935 1189 1963 se
1215 1920 1368 1963 vituli?
1418 1920 1545 1962 etiam
1569 1919 1644 1963 ubi
1670 1920 1891 1962 dissimilis
1915 1920 2042 1975 fetus,
2060 1937 2094 1964 25

294 1995 343 2034 ut
374 2006 426 2034 ex
463 1992 613 2047 <asino
646 1991 717 2046 et>
758 2006 869 2047 equa
899 1993 1054 2046 mulus,
1085 1994 1229 2034 tamen
1260 1990 1321 2033 ibi
1353 1992 1566 2047 analogia:
1611 1991 1726 2046 quod
1757 2005 1809 2033 ex
1841 2005 2042 2046 quocum-

297 2078 380 2119 que
418 2062 536 2105 asino
576 2065 618 2105 et
656 2078 766 2118 equa
802 2064 992 2105 nascitur
1033 2062 1077 2104 id
1114 2066 1179 2105 est
1215 2063 1356 2105 mulus
1395 2065 1469 2104 aut
1499 2064 1632 2118 mula,
1675 2066 1725 2104 ut
1764 2077 1815 2105 ex
1853 2077 1962 2117 equo
2000 2065 2043 2104 et

295 2136 414 2178 asina
443 2135 648 2176 hinnulei.

414 2206 482 2248 23.
527 2220 616 2248 non
647 2206 708 2248 sic
739 2220 790 2247 ex
821 2206 914 2247 viro
947 2209 990 2248 et
1019 2205 1196 2248 muliere
1229 2206 1367 2247 omnis
1399 2205 1552 2247 similis
1582 2206 1745 2260 partus,
1776 2204 1891 2259 quod
1921 2204 2041 2260 pueri

416 2327 436 2358 8
449 2335 522 2368 sqq.
551 2324 606 2367 Of.
634 2323 877 2359 Reitzenstein
904 2333 945 2367 p.
967 2326 1026 2367 60,
1047 2326 1067 2358 1
1095 2323 1311 2366 (Posidonio
1344 2323 1430 2357 haee
1464 2332 1545 2357 cum
1569 2321 1787 2357 Schwartzio
1822 2321 1998 2365 tribuens)
2031 2322 2041 2367 ΙΙ

297 2375 341 2406 27
355 2382 405 2416 sq.
434 2371 488 2414 Of.
522 2371 555 2406 d.
583 2383 612 2406 r.
638 2382 668 2406 r.
695 2371 747 2406 II
767 2373 803 2414 8,
824 2373 847 2405 6
882 2369 1031 2415 (hinnus
1066 2370 1130 2414 qui
1166 2369 1378 2415 appellatur
1412 2370 1469 2403 est
1503 2380 1548 2403 ex
1582 2378 1676 2413 equo
1712 2369 1750 2403 et
1784 2368 1907 2403 asina:
1939 2379 2042 2414 quem

296 2421 430 2462 locum,
455 2419 519 2453 vix
543 2419 640 2454 hunc
663 2419 821 2463 respexit
844 2418 943 2453 Non.
965 2420 1048 2461 122,
1063 2420 1103 2452 3:
1134 2417 1268 2452 hinnos
1294 2416 1353 2451 vel
1382 2416 1518 2451 hinnas
1544 2415 1612 2450 sub
1639 2425 1711 2460 quo
1738 2426 1847 2451 sensu
1873 2415 2042 2461 accipere

298 2466 511 2509 debeamus,
525 2465 642 2500 Varro
667 2465 856 2511 designat:
884 2465 939 2500 ait
964 2465 1062 2500 enim
1090 2476 1134 2500 ex
1160 2464 1265 2509 equis
1292 2466 1330 2499 et
1353 2463 1520 2498 hinnulis
1546 2463 1599 2510 [in
1626 2462 1740 2498 nullis
1754 2463 1818 2507 L1,
1843 2462 1955 2498 mulis
1968 2463 2042 2507 L²‚·

299 2514 412 2549 asinis
430 2513 563 2560 Guyet]
583 2513 647 2557 qui
667 2514 867 2548 nascantur
885 2512 1019 2548 hinnos
1039 2512 1176 2558 vocari)
1183 2526 1197 2556 ;
1225 2512 1359 2548 Golwm.
1383 2512 1442 2547 VI
1461 2513 1520 2555 37,
1536 2513 1559 2546 5
1578 2512 1636 2557 (ex
1657 2521 1751 2556 equo
1772 2512 1810 2546 et
1830 2511 1936 2546 asina
1956 2521 2041 2546 con-

299 2561 433 2607 cepti),·
460 2562 559 2597 Plin.
588 2561 694 2596 VIII
713 2563 787 2596 172
812 2562 922 2606 (equo
948 2562 985 2595 et
1010 2559 1122 2609 asina·
1142 2559 1321 2605 genitos),
1347 2560 1394 2595 al.

420 2679 437 2708 1
465 2675 611 2710 exortu·
638 2673 709 2708 1100
735 2684 832 2708 anno
859 2673 910 2717 qd
941 2675 945 2718 Ι
975 2674 1044 2709 secl
1063 2673 1140 2708 Αἶά
1164 2684 1191 2708 c.
1219 2673 1266 2708 al.
1303 2673 1315 2717 ΙΙ
1349 2676 1368 2707 2
1396 2671 1608 2707 solabruma
1642 2673 1653 2717 ΙΙ
1688 2675 1708 2706 3
1758 2670 1937 2716 qnoctifi?
1962 2681 2005 2706 ac
2030 2672 2041 2716 ΙΙ

299 2727 320 2757 4
345 2723 388 2757 In
412 2734 527 2768 supra
553 2721 601 2756 ad
627 2721 769 2756 lineolis
788 2720 845 2756 del
869 2722 880 2766 ΙΙ
907 2724 925 2755 7
951 2721 1012 2764 In,
1038 2720 1053 2754 I
1078 2722 1220 2765 supra-¹¹
1237 2730 1295 2756 ser
1319 2720 1330 2765 ΙΙ
1356 2722 1377 2754 8
1403 2720 1460 2755 del
1480 2720 1571 2755 Mue
1596 2720 1607 2764 ΙΙ
1633 2722 1653 2753 9
1673 2718 1706 2752 Χ
1758 2717 1814 2753 IJ:
1841 2729 1923 2754 corr
1935 2718 2011 2753 Αἶά
2029 2719 2040 2763 ΙΙ

300 2774 343 2805 12
379 2770 472 2805 alios
512 2770 661 2804 motus-⁹
697 2768 756 2803 Sic
789 2768 844 2804 Ite
876 2770 880 2814 Ι
914 2769 1019 2804 verba
1052 2769 1099 2804 ab
1134 2767 1226 2803 alios
1259 2767 1310 2802 ad
1342 2766 1435 2802 alios
1466 2767 1683 2811 difficultate
1718 2766 1897 2809 laborant,
1932 2776 2041 2810 quam

299 2819 405 2854 tollas
423 2821 489 2853 aut
508 2818 634 2862 priore
652 2821 719 2852 aut
737 2817 934 2862 posteriore
955 2815 1048 2850 alios
1068 2815 1180 2851 deleto
1205 2816 1216 2860 ΙΙ
1243 2818 1286 2850 15
1305 2814 1486 2849 reddidit·
1515 2813 1654 2849 similia
1678 2812 1721 2847 In
1746 2814 1757 2859 ΙΙ
1784 2816 1826 2848 17
1845 2812 1971 2849 reddit
1989 2824 2011 2848 v
2029 2814 2040 2858 ΙΙ

300 2898 344 2930 20
371 2872 557 2944 q‘pcreant
583 2895 651 2943 (qg
677 2898 719 2930 ut
738 2895 817 2930 alia
835 2894 877 2928 in
894 2894 963 2928 hac
981 2894 1129 2939 payina
1152 2893 1228 2936 fere
1246 2892 1417 2937 evanida)
1436 2892 1448 2937 ΙΙ
1468 2894 1511 2925 23
1525 2902 1574 2936 sq.
1596 2890 1717 2935 pisces
1738 2900 1842 2924 sane·
1868 2900 2038 2924 murena:

299 2965 379 2990 corr
397 2954 484 3000 Ααρ
520 2955 531 2999 n
570 2958 614 2989 25
639 2944 700 2989 Int
724 2964 778 2988 se-
811 2952 932 2988 Uituli
958 2951 1048 2987 etia·
1077 2951 1150 2986 Ubi
1184 2952 1189 2997 ι
1223 2950 1321 2998 fetus
1352 2952 1364 2996 l!
1395 2954 1439 2986 26
1464 2951 1573 2996 swppl
1591 2950 1652 2996 Sp.
1680 2949 1768 2985 duce
1791 2960 1813 2983 v
1839 2950 1949 2994 (equa
1974 2948 2041 2996 <et

300 3000 452 3048 asino):
477 3012 508 3036 v.
535 3003 625 3047 test.)
660 3002 671 3047 ΙΙ
706 3004 749 3036 29
763 3012 814 3046 sq.
840 3001 979 3045 partu-⁹·
1007 2999 1057 3045 qd
1081 2998 1187 3044 puerj
1214 3000 1252 3034 et
1275 2997 1401 3045 puelle
1425 3001 1450 3031 ῐι
1476 2999 1555 3043 (ubi
1579 2996 1678 3042 quod
1703 2997 1772 3033 secl
1785 2997 1890 3042 Mue)
