2176 3386
229 782 275 814 29

231 1493 279 1524 30

234 2061 278 2093 31

303 163 387 206 180
927 163 991 198 DE
1017 163 1203 199 LINGVA
1227 164 1408 199 LATINA

299 272 535 328 p[ell]aret,
575 275 624 314 ut
662 272 1020 327 quemadmodum
1059 274 1255 327 oporteat
1291 274 1340 314 ut
1377 287 1402 314 a
1431 275 1605 328 praetor
1645 273 1812 328 consul,
1853 274 2043 329 praetori
2074 286 2078 288 ·

300 343 483 399 consuli3
527 342 612 385 alia
643 358 695 384 ex
726 343 912 385 transitu
942 343 1262 399 intelleguntur,
1294 346 1343 386 ut
1374 357 1494 386 socer
1524 358 1683 399 macer,
1715 344 1831 399 quod
1863 344 2043 388 alterum

299 414 351 456 fit
380 428 588 468 socerum,
620 413 802 456 alterum
826 428 1028 469 macrum,
1061 428 1243 469 quorum
1274 417 1504 470 utrumque
1535 415 1580 456 in
1605 415 1779 470 reliquis
1810 430 1835 457 a
1859 415 2044 458 transitu

301 499 420 527 suam
451 485 564 527 viam
595 484 790 539 sequitur
820 487 863 526 et
893 485 938 526 in
970 484 1258 541 singularibus
1291 487 1333 527 et
1364 486 1407 527 in
1433 485 1721 528 multitudinis
1753 486 2046 529 declinationi-

299 556 391 598 bus.
440 555 525 598 hoc
550 556 601 597 fit
631 555 726 598 ideo
759 555 875 610 quod
906 558 1154 597 naturarum
1180 570 1335 613 genera
1360 559 1460 599 sunt
1485 557 1570 599 duo
1596 571 1705 612 quae
1735 557 1847 599 inter
1878 572 1922 600 se
1946 571 2044 600 con-
2079 575 2096 602 5
2153 578 2155 580 ·

299 626 402 669 ferri
432 629 633 682 possunt,
676 641 810 668 unum
849 627 966 681 quod
1001 641 1078 682 per
1115 641 1159 668 se
1190 627 1326 669 videri
1363 630 1522 683 potest,
1564 631 1613 670 ut
1651 627 1781 672 homo
1823 630 1866 670 et
1897 643 2044 684 equus,

300 698 482 740 alterum
521 697 613 741 sine
651 700 872 753 assumpta
911 697 1055 753 aliqua
1091 713 1136 740 re
1167 698 1430 741 extrinsecus
1460 698 1644 754 perspici
1681 713 1768 741 non
1797 699 1954 754 possit,
1995 702 2044 751 ut

301 783 431 824 eques
463 771 506 811 et
536 769 704 824 equiso:
748 771 928 824 uterque
959 770 1073 812 enim
1106 769 1264 812 dicitur
1295 769 1347 811 ab
1380 783 1501 825 equo.
1561 784 1691 824 quare
1720 769 1938 813 hominem
1969 770 2045 812 ho-

301 839 407 882 mini
441 840 622 883 similem
654 854 746 883 esse
779 843 853 882 aut
883 854 970 882 non
1001 854 1111 896 esse,
1152 840 1188 882 si
1220 840 1470 896 contuleriS,
1511 856 1562 883 ex
1599 840 1703 896 ipsis
1741 841 2063 896 homini<bus>·

301 911 605 954 animadversis
646 911 769 967 scies3
813 914 857 953 at
894 911 978 953 duo
1017 911 1129 954 inter
1166 926 1210 954 se
1248 912 1499 955 similiterne
1537 913 1624 973 sint
1659 912 1878 969 longiores
1915 926 2043 967 quam
2065 931 2099 957 ιο

302 982 390 1024 sint
421 996 567 1023 eorum
598 981 770 1035 fratres,
810 982 948 1025 dicere
986 997 1074 1025 non
1105 983 1261 1039 possis,
1302 983 1338 1025 si
1375 983 1472 1026 illos
1510 983 1724 1026 breviores
1762 997 1858 1026 cum
1890 983 2045 1039 quibus

302 1053 581 1095 conferuntur
612 1067 741 1107 quam
771 1053 891 1110 longi
923 1053 1010 1095 sint
1041 1053 1231 1110 ignores3
1275 1053 1392 1109 si<c>
1428 1054 1627 1096 latiorum
1667 1057 1795 1109 atque
1831 1054 2046 1109 ahiem,

301 1124 405 1166 item
437 1126 577 1166 cetera
608 1124 803 1180 eiusdem¹
828 1124 997 1180 generis
1023 1124 1114 1167 sine
1144 1127 1364 1181 assumpto
1389 1125 1652 1168 extrinsecus
1685 1125 1828 1180 aliquo
1859 1125 2048 1181 perspici

302 1195 603 1237 similitudines
635 1210 722 1238 non
753 1198 946 1251 possunt.
1004 1196 1065 1238 sic
1096 1196 1231 1252 igitur
1261 1196 1434 1251 quidam
1472 1210 1594 1239 casus
1627 1196 1742 1251 quod
1780 1210 1831 1238 ex
1863 1195 1946 1239 hoc
1976 1203 2047 1253 ge-

302 1281 401 1308 nere
438 1269 554 1322 sunt,
598 1281 686 1309 non
726 1266 850 1309 facile
889 1270 953 1309 est
991 1267 1129 1310 dicere
1167 1266 1319 1310 similis
1357 1282 1464 1322 esse,
1507 1268 1544 1309 si
1587 1282 1734 1310 eorum
1778 1267 2046 1323 singulorum
2067 1286 2100 1313 ιο

302 1338 441 1379 solum
473 1337 784 1380 animadvertas
816 1352 960 1393 voces,
996 1338 1079 1381 nisi
1111 1339 1392 1394 assumpseris
1430 1338 1630 1394 alterum,
1668 1353 1753 1394 quo
1785 1339 1972 1381 flectitur
2002 1339 2048 1380 in

302 1409 607 1451 transeundum
638 1423 734 1451 vox.

425 1479 540 1535 quod
571 1480 624 1522 ad
655 1480 1007 1537 nominat[i]uom
1047 1481 1347 1524 similitudines
1388 1481 1782 1524 animadvertendas
1814 1482 2047 1524 arbitratus

304 1565 399 1593 sum
433 1551 536 1592 satis
568 1551 717 1606 es<se>
747 1554 939 1608 tangere,
970 1551 1076 1595 haec
1108 1554 1218 1594 sunt.
1268 1553 1526 1608 relinquitur
1557 1553 1608 1595 de
1639 1552 1850 1608 articulis,
1880 1553 1924 1595 in
1957 1552 2048 1607 qui-

303 1622 384 1664 bus
417 1622 622 1677 quaedam
655 1621 820 1678 eadem,
858 1623 1064 1678 quaedam
1096 1623 1190 1666 alia.
1247 1624 1297 1666 de
1329 1624 1518 1679 quinque
1555 1624 1667 1666 enim
1705 1624 1931 1680 generibus
1963 1623 2047 1666 duo
2067 1642 2102 1668 2⁰

303 1693 444 1748 prima
473 1693 633 1735 habent
665 1693 828 1745 eadem,
868 1694 982 1748 quod
1013 1697 1115 1736 sunt
1152 1697 1195 1737 et
1225 1695 1366 1737 virilia
1397 1697 1439 1737 et
1470 1694 1696 1738 muliebria
1727 1697 1770 1736 et
1799 1698 1969 1748 neutra,
2006 1698 2049 1737 et

304 1764 421 1819 quod
461 1763 545 1806 alia
585 1766 684 1806 sunt
723 1766 772 1806 ut
813 1764 1058 1820 significent
1097 1780 1248 1820 unum,
1290 1765 1431 1821 (alia)
1462 1769 1512 1809 ut
1540 1767 1681 1821 plura,
1725 1768 1766 1807 et
1799 1766 1849 1808 de
1881 1766 2048 1809 casibus

304 1835 419 1890 quod
456 1834 615 1877 habent
653 1835 827 1890 quinos:
870 1850 968 1878 nam
1000 1837 1181 1879 vocandi
1212 1851 1315 1880 voce
1353 1840 1526 1880 notatus
1563 1852 1650 1879 non
1688 1839 1763 1879 est.
1824 1837 2048 1893 proprium

304 1906 416 1948 illud
440 1905 613 1961 habent,
646 1906 761 1961 quod
786 1907 943 1962 partim
969 1910 1069 1949 sunt
1099 1908 1234 1964 finita,
1268 1911 1316 1950 ut
1346 1909 1418 1951 hic
1447 1908 1566 1963 haec,
1596 1909 1756 1965 partim
1787 1908 1970 1966 infinita,
2001 1911 2050 1951 ut

305 1978 401 2033 quis
435 1975 513 2034 [et]
546 1991 673 2032 quae,
714 1977 795 2033 [et]
828 1992 1010 2032 quorum
1050 1979 1163 2033 quod
1202 1979 1454 2022 adumbrata
1491 1982 1534 2022 et
1570 1980 1711 2023 tenuis
1749 1980 1964 2036 analogia,
2004 1980 2050 2021 in
2067 1996 2101 2022 2⁶

305 2049 388 2090 hoc
413 2048 525 2090 libro
550 2049 675 2103 plura
701 2048 840 2091 dicere
865 2049 1009 2104 (non)
1033 2064 1203 2093 necesse
1235 2053 1308 2093 est.
1359 2051 1589 2093 secundum
1616 2065 1749 2107 genus
1782 2065 1890 2105 quae
1921 2051 2050 2093 verba

305 2123 500 2174 tempora
523 2119 685 2161 habent
710 2134 847 2175 neque
874 2134 1006 2175 casus,
1039 2121 1110 2163 sed
1136 2121 1297 2164 habent
1321 2137 1535 2177 personas.
1586 2137 1732 2164 eorum
1762 2121 2049 2164 declinatuum

306 2191 467 2246 species
500 2193 601 2232 sunt
632 2205 722 2233 sex:
760 2205 846 2233 una
877 2206 984 2246 quae
1017 2192 1175 2234 dicitur
1205 2193 1466 2249 temporalis,
1504 2195 1551 2235 ut
1581 2193 1777 2249 legebam
1813 2192 2050 2249 gemebam,

305 2263 402 2319 lego
430 2275 573 2317 gemo,
599 2262 731 2304 altera
754 2276 1045 2317 personarum,
1070 2266 1119 2305 ut
1145 2277 1238 2306 sero
1257 2267 1385 2320 meto,
1410 2264 1514 2306 seris
1539 2265 1681 2319 metis3
1706 2264 1833 2306 tertia
1857 2263 2048 2320 rogandi,

307 2335 356 2374 ut
394 2333 591 2375 scribone
621 2333 805 2389 legone‘?
841 2333 1048 2376 scribisne
1078 2335 1275 2391 legisne‘?
1312 2338 1463 2391 quarta
1499 2334 1801 2390 respondendi,
1845 2337 1894 2376 ut
1925 2334 2042 2390 fingo
2063 2352 2098 2377 30

305 2406 451 2461 pingo,
476 2405 605 2462 fingis
630 2405 790 2463 pingis3
818 2407 967 2461 quinta
993 2408 1184 2464 optandi,
1209 2409 1257 2448 ut
1283 2407 1463 2448 dicerem
1490 2407 1685 2460 facerem,
1713 2405 1848 2448 dicam
1873 2405 2048 2461 faciam;

426 2555 446 2586 6
476 2552 530 2595 Of.
558 2552 663 2587 VIII
684 2555 727 2587 11
760 2554 771 2597 ῃ
799 2556 816 2587 7
846 2552 900 2596 Of.
930 2554 1035 2588 VIII
1055 2557 1100 2588 14
1125 2555 1135 2599 Η
1162 2557 1205 2588 25
1235 2553 1290 2597 Of.
1318 2555 1398 2597 177,
1419 2556 1480 2589 28.
1518 2555 1600 2595 178,
1621 2555 1643 2588 6
1668 2553 1678 2598 ιι
1704 2555 1831 2597 293qq.
1860 2551 1915 2595 Of.
1936 2552 2047 2597 Dioy.

307 2600 432 2635 Laert.
447 2600 511 2633 IX
530 2602 576 2635 53
587 2610 637 2644 sq.
666 2601 790 2645 (διεῖλε
816 2600 857 2635 δὲ
883 2600 973 2646 [scil.
989 2602 1225 2647 Protayoras]
1250 2599 1316 2636 τὸν
1335 2598 1445 2645 λόγον
1463 2605 1608 2644 πρῶτος
1634 2600 1685 2640 εἰς
1705 2598 1862 2643 τέτταρα
1887 2598 2049 2645 εὐχωλήν

308 2647 485 2692 ἐρώτησιν
511 2645 710 2691 ἀπόκρισιν
735 2647 902 2693 ἐντολήν·
930 2648 967 2683 οἱ
993 2649 1033 2684 δὲ
1059 2649 1111 2689 εἰς
1136 2647 1245 2684 ἑπτά·
1272 2647 1443 2693 διήγησιν
1468 2647 1645 2692 ἐρώτησιν
1670 2645 1869 2690 ἀπόκρισιν
1895 2645 2047 2691 ἐντολήν

308 2692 538 2739 ἀπαγγελίαν
564 2694 725 2740 εὐχωλήν
750 2697 888 2740 κλῆσιν,
914 2695 980 2736 οὓς
1004 2696 1068 2731 καὶ
1093 2695 1290 2742 πυθμένας
1315 2692 1394 2731 εἷπε
1420 2693 1551 2740 λόγων)
1560 2709 1573 2738 ‚·
1600 2695 1724 2741 Quint.
1751 2695 1827 2729 III
1845 2696 1879 2737 4,
1899 2697 1948 2729 10

430 2858 447 2888 1
462 2865 519 2910 sq,
538 2851 600 2888 ut¹²
621 2855 723 2899 ptor·
741 2854 834 2890 csul-
849 2855 950 2900 §tori
963 2854 1075 2900 csulj·
1090 2855 1149 2901 (cf.
1162 2856 1262 2901 adn.)
1276 2857 1287 2900 ΙΙ
1308 2859 1327 2890 9
1342 2854 1483 2890 homini
1498 2855 1552 2899 (in
1565 2859 1719 2890 eoetremo
1732 2858 1795 2899 v.):
1811 2864 1892 2889 corr
1907 2854 2027 2890 Ganal
2038 2855 2049 2899 ΙΙ

312 2916 355 2947 10
381 2912 527 2948 similit·
554 2924 601 2947 ne
626 2915 636 2959 ΙΙ
670 2917 712 2948 12
739 2913 945 2959 ignorent·:
972 2925 1053 2951 corr
1071 2915 1148 2950 Αἶά
1171 2916 1182 2960 ΙΙ
1209 2918 1252 2949 17
1278 2914 1504 2949 transeundo
1529 2925 1551 2949 ν
1575 2915 1586 2959 ΙΙ
1613 2917 1654 2947 19
1682 2915 1741 2948 sfi·
1769 2912 1859 2947 satis
1886 2912 1931 2958 (is
1957 2923 2002 2948 ex
2025 2924 2050 2947 u

308 2961 490 3006 incohato)
516 2963 536 2996 e
563 2971 715 3006 angere·
747 2961 817 2995 hec
842 2963 892 2997 s‘-:
924 2973 1005 2998 corr
1023 2962 1110 3008 Auy
1134 2963 1145 3007 ΙΙ
1171 2965 1215 2997 23
1229 2973 1277 3007 sq.
1314 2960 1359 2995 'fi
1385 2963 1406 2996 ὅ
1431 2960 1567 3009 ρρήιῑ·
1599 2959 1698 2995 Illud
1721 2961 1732 3006 ΙΙ
1764 2963 1809 2994 26
1836 2971 1878 3004 qs
1904 2959 1935 2994 ὣ
1960 2970 2048 3007 que·

310 3007 340 3042 xz
366 3015 488 3052 quon·
522 3007 625 3052 quod
647 3009 652 3053 Ι
674 3009 743 3044 secl
767 3009 829 3054 Sp.
855 3021 883 3045 c.
911 3010 958 3045 al.
984 3010 995 3055 ΙΙ
1022 3012 1066 3044 26
1091 3021 1160 3044 nec
1185 3020 1264 3044 esse
1289 3011 1309 3044 ὂ
1335 3008 1460 3043 secdm
1485 3019 1586 3054 gen3·
1614 3018 1685 3054 que
1711 3006 1856 3054 (<n0n>
1883 3011 1970 3043 ante
1993 3008 2050 3041 est

311 3054 387 3100 Sp.)
425 3055 435 3100 ΙΙ
473 3059 516 3090 27
530 3066 580 3100 sq.
607 3054 639 3089 si
664 3055 804 3090 habent
840 3057 851 3101 ΙΙ
889 3060 933 3091 29
959 3056 1045 3102 logo
