2176 3386
323 113 380 155 56
741 112 805 148 DE
831 111 1016 147 LINGVA
1040 112 1221 148 LATINA
1246 111 1390 147 LIBER
1414 112 1448 148 V
1475 116 1553 148 183.
1583 116 1650 148 184

324 221 625 277 compendium
658 222 771 276 quod
813 235 909 264 cum
943 220 1239 276 compenditur
1275 235 1360 263 una
1391 221 1457 277 fit3
1500 236 1525 262 a
1562 235 1647 276 quo
1685 235 1832 276 usura,
1875 221 1990 276 quod
2025 222 2072 264 in

324 295 437 334 sorte
464 292 702 348 accedebat,
727 292 994 348 impendium
1020 294 1300 348 appellatum3
1333 306 1441 347 quae
1467 306 1562 334 cum
1590 292 1807 334 accederet
1832 292 1885 334 ad
1911 283 2070 335 sortem

322 363 501 419 usu[m]‚
531 378 663 405 usura
694 363 820 418 dicta,
851 366 900 405 ut
926 377 1019 405 sors
1045 363 1170 418 quod·
1191 377 1317 405 suum
1348 363 1399 405 fit
1427 365 1551 406 sorte.
1613 377 1690 419 per
1720 363 1929 406 trutinam
1948 363 2071 406 ‘solvi

324 435 516 478 solitum:
548 434 780 491 vestigium
814 434 943 476 etiam
974 448 1089 477 nunc
1118 436 1263 476 manet
1294 433 1338 475 in
1364 434 1466 476 aede
1499 432 1685 490 Saturni,
1717 434 1831 489 quod
1862 448 1912 476 ea
1942 433 2072 477 etiam

322 520 438 549 nunc
477 508 655 561 propter
694 520 922 560 pensuram
962 505 1170 547 trutinam
1210 504 1341 547 habet
1379 505 1575 560 positam.
1638 504 1690 546 ab
1729 519 1824 547 aere
1861 504 2070 547 aerarium
2108 521 2125 547 ⁵

324 579 599 633 appellatum.

231 661 298 693 184
444 648 513 690 37.
563 648 615 690 ad
646 648 856 691 vocabula
894 662 1002 703 quae
1039 647 1252 703 pertinere
1290 662 1437 690 sumus
1474 648 1558 690 rati
1596 661 1644 688 ea
1681 661 1788 702 quae
1824 647 1920 689 loca
1950 649 1993 689 ct
2023 662 2073 690 ea

324 734 433 775 quae
465 720 511 761 in
540 719 647 762 locis
680 721 780 761 sunt
811 719 914 762 satis
947 722 996 761 ut
1027 719 1212 761 arbitror
1244 719 1377 774 dicta,
1419 718 1533 773 quod
1568 732 1709 772 neque
1746 733 1897 773 parum
1935 717 2073 761 multa
2146 711 2149 714 ’

324 793 424 833 sunt
455 793 603 847 aperta
643 805 799 846 neque,
838 790 874 832 si
906 791 1090 845 amplius
1122 790 1321 845 velimus,
1361 790 1561 832 volumen
1598 790 1794 844 patietur.
1859 804 1990 845 quare
2027 789 2072 831 in

323 861 533 918 proximo,
564 864 613 903 ut
643 862 687 903 in
719 862 856 916 primo
888 861 1000 903 libro
1034 861 1083 917 (ἕ
1103 865 1155 903 11
1167 861 1245 917 sq.)
1277 860 1384 916 dixi,
1416 861 1531 916 quod
1563 861 1757 916 sequitur
1788 861 1839 902 de
1869 857 2071 916 tempori·
2091 876 2126 902 10

323 932 405 975 bus
439 932 588 974 dicam.

444 1065 527 1106 2sq‚
557 1061 611 1105 Of.
638 1061 730 1097 Isid.
758 1062 793 1097 V
811 1063 872 1104 25,
892 1063 939 1096 15
972 1062 1097 1106 (usura
1124 1088 1131 1096 .
1154 1089 1161 1096 .
1185 1090 1191 1097 .
1219 1061 1266 1096 ab
1292 1073 1362 1096 usu
1388 1061 1483 1096 aeris
1510 1061 1657 1107 crediti)
1680 1061 1685 1108 l
1709 1062 1763 1104 Cf.
1792 1062 1851 1098 VI
1872 1064 1918 1097 65
1925 1075 1938 1105 ;
1973 1061 2069 1097 Fest.

323 1109 466 1153 297¹>ss
491 1120 574 1144 cum
599 1109 721 1144 Paulo
745 1111 833 1152 296,
849 1111 871 1143 7
897 1110 989 1154 (sors
1016 1137 1023 1144 .
1046 1136 1054 1144 .
1076 1137 1082 1143 .
1110 1111 1149 1143 et
1174 1109 1273 1153 quod
1300 1108 1433 1153 cuique
1458 1108 1598 1143 accidit
1622 1109 1661 1143 in
1688 1109 1891 1154 sortiendo)
1923 1110 1934 1154 ΙΙ
1965 1113 1987 1143 4
2015 1109 2071 1152 Of.

324 1156 421 1193 Serv.
449 1157 550 1192 Dan.
578 1157 619 1191 in
644 1157 736 1192 Aen.
765 1157 871 1191 VIII
890 1159 972 1192 319.
1000 1158 1073 1193 322
1108 1156 1161 1202 (in
1195 1156 1288 1191 aede
1322 1156 1439 1201 ipsius
1467 1155 1617 1191 Saturni
1652 1157 1849 1201 aerarium)
1857 1170 1870 1200 ‚·
1908 1156 2004 1192 Serv.
2031 1157 2073 1192 in

326 1204 455 1287 {egr-q.
475 1205 527 1238 II
541 1206 633 1247 5025
660 1205 780 1239 Macr.
801 1205 830 1239 I
843 1206 879 1247 8,
894 1206 916 1238 3
924 1218 937 1247 ,·
963 1205 1062 1239 qut.
1084 1204 1224 1249 Poplie.
1245 1206 1314 1247 12;
1341 1204 1408 1250 Qu.
1425 1204 1528 1240 Rom.
1549 1206 1598 1239 42
1623 1205 1633 1249 ΙΙ
1660 1207 1680 1238 5
1709 1204 1764 1248 Of.
1785 1204 1876 1239 Isid.
1892 1204 1976 1240 XV
1989 1206 2023 1247 5,
2038 1206 2072 1239 3.

404 1253 426 1286 1
453 1255 512 1295 18,
533 1255 554 1287 5

447 1375 465 1405 1
494 1370 776 1415 compendeturt
803 1382 884 1407 corr
903 1370 996 1405 Laet
1022 1371 1033 1415 ll
1059 1374 1079 1404 3
1106 1370 1164 1405 del
1187 1370 1264 1405 Αἶά
1283 1371 1299 1415 ἸΙ
1325 1374 1346 1404 4
1372 1369 1446 1404 iam
1472 1381 1571 1405 nunc
1597 1371 1635 1405 et
1660 1373 1787 1406 manet
