2176 3386
338 109 428 150 234
695 108 1017 151 RELIQVORVM
1041 109 1106 144 DE
1133 108 1458 145 GRAMMATICA
1482 109 1735 146 LIBRORVM

553 216 690 259 Varro
731 217 845 272 apud
875 217 1079 260 Plautum
1111 218 1266 272 ‘prosis
1305 217 1443 260 lectis’
1488 218 1730 274 significare
1769 219 1908 262 rectis.
1971 218 2084 265 unde
2113 197 2115 199 ι
2148 226 2152 231 ’

555 288 685 330 etiam
727 303 835 343 quae
866 303 954 331 non
985 291 1051 331 est
1087 288 1275 344 perflexa
1306 303 1497 343 numero,
1529 288 1601 331 sed
1636 292 1752 332 recta
1788 304 1916 345 prosa
1946 289 2084 332 oratio

554 359 711 401 dicitur
735 359 781 401 in
806 362 970 401 rectum
996 359 1270 414 producendo
1297 393 1305 401 .
1333 393 1342 401 .
1369 393 1378 401 .
1402 362 1623 415 praeterea
1647 362 1735 402 tam
1762 361 1875 416 apud
1901 356 2085 413 Graecos

554 445 682 485 quam
707 429 822 485 apud
851 429 1029 472 Latinos
1055 430 1182 486 longe
1208 430 1495 485 antiquiorem
1520 445 1666 473 curam
1690 431 1824 473 fuisse
1850 430 2085 475 carminum

554 516 684 557 quam
715 515 884 556 prosae:
917 501 1061 544 omnia
1092 500 1207 543 enim
1237 501 1357 557 prius
1383 501 1577 544 versibus
1604 502 1906 558 condebantur,
1935 516 2086 558 prosae

555 575 699 614 autem
731 572 923 614 studium
954 568 1049 614 sero
1074 572 1226 629 viguit.
1269 572 1436 627 primus
1467 572 1580 627 apud
1607 571 1790 615 Graecos
1820 572 2087 628 Pherecydes

557 642 708 699 Syrius
740 643 883 686 soluta
913 642 1107 685 oratione
1139 643 1323 698 scripsit,
1355 643 1468 698 apud
1499 643 1717 687 Romanos
1750 646 1893 686 autem
1918 643 2086 700 Appius
2147 688 2149 690 ,

557 714 716 757 Caecus
743 715 946 757 adversus
972 714 1187 770 Pyrrhum
1213 713 1399 756 solutam
1426 714 1665 756 orationem
1690 714 1855 770 primus
1881 715 2086 758 exercuit:

556 786 642 827 iam
674 786 828 828 exhinc
860 788 904 828 et
935 785 1066 827 ceteri
1097 799 1248 839 prosae
1280 785 1526 840 eloquentia
1558 785 1879 828 contenderunt.

346 858 440 900 129.
490 856 730 915 A[u]xillae
761 858 894 912 μικρὰ
926 856 1075 911 πτερά,
1109 856 1167 906 ὡς
1198 856 1398 911 Βάρρων.

1060 1035 1371 1088 EXOERPTA

794 1174 798 1179 ,
896 1128 976 1171 EX
1007 1127 1330 1172 AVeVsTINI
1360 1128 1534 1171 LlBRo

846 1211 948 1263 QVI
979 1211 1087 1254 EST
1119 1212 1197 1254 DE
1231 1211 1583 1255 DIALEcricA

343 1298 450 1354 [130
476 1296 564 1354 (32.
596 1299 630 1339 1.
659 1298 697 1339 2.
725 1295 884 1353 [265]).
935 1295 1065 1338 verba
1096 1298 1171 1337 aut
1202 1295 1417 1350 simplicia
1455 1298 1555 1337 sunt
1593 1299 1667 1338 aut
1704 1296 1948 1339 coniuncta:
1991 1296 2089 1338 sim-

555 1369 685 1424 plicia
717 1370 830 1422 sunt,
863 1381 970 1423 quae
1003 1381 1136 1408 unum
1169 1366 1372 1422 quiddam
1405 1366 1667 1423 significant,
1699 1370 1748 1409 ut
1779 1382 1876 1409 cum
1909 1367 2088 1410 dicimus

556 1440 686 1482 homo
728 1454 875 1494 equus,
917 1438 1109 1494 disputat
1150 1438 1285 1479 currit
1317 1472 1324 1480 .
1353 1473 1359 1479 .
1388 1472 1395 1479 .
1428 1438 1573 1494 itaque
1613 1439 1695 1480 hoc
1736 1438 1971 1480 includitur
2008 1438 2088 1481 hac

555 1511 819 1566 definitione,
851 1524 936 1565 qua
967 1523 1052 1551 non
1084 1508 1318 1551 includitur
1349 1523 1446 1551 cum
1479 1509 1660 1551 dicimus
1691 1509 1861 1564 loquor:
1893 1509 2088 1565 quamvis

555 1582 669 1624 enim
701 1597 835 1624 unum
866 1581 1045 1623 verbum
1087 1580 1154 1635 sit,
1194 1595 1281 1621 non
1313 1579 1444 1622 habet
1482 1582 1626 1622 tamen
1658 1580 1896 1635 simplicem
1929 1580 2089 1637 signifi·

462 1756 505 1788 10
532 1753 811 1797 Pseudophilox.
835 1764 873 1796 p.
898 1754 1021 1795 26,43
1048 1769 1091 1781 =
1117 1752 1193 1788 ΤΘ.
1214 1764 1253 1797 p.
1282 1754 1353 1787 122
1379 1750 1590 1798 (a[u]xillae
1617 1778 1624 1785 .
1653 1779 1658 1785 .
1689 1779 1695 1785 .
1719 1749 1886 1795 Βάρρων)
1895 1764 1908 1794 ,·
1939 1750 1985 1793 cf.
2015 1750 2087 1786 Cic.

345 1801 444 1837 Orat.
467 1802 536 1836 153
559 1800 759 1846 (quomodo
785 1800 884 1834 enim
902 1801 1025 1835 vester
1044 1799 1168 1834 Axilla
1188 1799 1258 1834 Ala
1282 1799 1403 1834 factus
1424 1800 1481 1833 est
1505 1797 1579 1833 nisi
1604 1797 1695 1843 fuga
1720 1797 1870 1833 litterae
1889 1797 2088 1833 vastioris?

342 1860 454 1893 quam
480 1848 645 1883 litteram
665 1847 781 1883 etiam
801 1858 820 1883 e
839 1847 1002 1883 maxillis
1024 1848 1062 1882 et
1080 1846 1223 1882 taxillis
1244 1848 1281 1882 et
1300 1845 1436 1881 vexillo
1457 1847 1494 1880 et
1519 1845 1660 1890 paxillo
1681 1845 1910 1881 consuetudo
1936 1844 2088 1890 elegans

343 1895 469 1931 Latini
496 1895 676 1931 sermonis
702 1894 842 1940 evellit)
874 1897 884 1940 ΙΙ
919 1898 962 1930 14
988 1895 1187 1941 Λαμπετίη.
1214 1895 1256 1929 de
1282 1894 1371 1930 dial.
1398 1895 1426 1929 I
1438 1905 1479 1938 p.
1501 1896 1523 1929 5
1544 1893 1638 1929 Grec.
1666 1892 1879 1938 (dialectica
1905 1894 1962 1928 est
1992 1891 2087 1927 bene

343 1943 562 1988 disputandi
589 1942 763 1985 scientia3
791 1942 1027 1988 disputamus
1053 1943 1179 1977 autem
1203 1941 1336 1986 utique
1361 1941 1493 1976 verbis.
1539 1940 1652 1975 verba
1677 1940 1793 1986 igitur
1819 1941 1884 1975 aut
1910 1969 1917 1975 .
1947 1969 1952 1974 .
1982 1969 1988 1975 .
2016 1939 2090 1975 dis-

342 1992 454 2036 putat
474 1990 600 2026 currit.
638 2001 707 2025 nec
725 1990 871 2025 mireris
891 1990 992 2035 quod
1012 1990 1183 2035 disputat
1203 1989 1370 2034 quamvis
1392 1999 1436 2023 ex
1456 1988 1601 2023 duobus
1627 1987 1875 2033 compositum
1895 1988 1945 2023 sit
1963 1988 2090 2022 tamen

343 2038 442 2073 inter
467 2038 654 2084 simplicia
679 2039 916 2073 numeratum
942 2039 1014 2072 est:
1049 2048 1137 2072 nam
1162 2047 1220 2072 res
1247 2035 1463 2071 definitione
1488 2035 1715 2070 illustratur:
1743 2035 1886 2070 dictum
1910 2035 1967 2070 est
1991 2034 2091 2070 enim

341 2086 381 2121 id
420 2097 498 2121 esse
536 2085 695 2130 simplex
733 2085 833 2130 quod
869 2097 986 2120 unum
1024 2085 1207 2130 quiddam
1245 2083 1443 2130 significat.
1499 2083 1628 2127 itaque
1655 2110 1663 2118 .
1691 2110 1699 2118 .
1727 2111 1734 2117 .
1768 2081 2089 2128 significationem.

342 2133 528 2178 siquidem
554 2133 724 2178 quisquis
745 2133 838 2167 dicit
863 2133 1013 2168 ambulo
1039 2134 1077 2168 et
1102 2131 1396 2167 ambulationem
1422 2130 1516 2166 facit
1540 2129 1712 2175 intellegi
1739 2131 1776 2165 et
1802 2141 1840 2165 se
1865 2129 2000 2175 ipsum,
2025 2129 2091 2174 qui

343 2180 513 2216 ambulat
540 2209 546 2216 .
570 2208 577 2215 .
599 2209 608 2216 .
633 2182 673 2215 at
691 2191 777 2215 vero
804 2180 868 2229 qui
894 2180 988 2216 dicit
1013 2179 1184 2215 ambulat
1208 2179 1306 2214 nihil
1333 2178 1436 2213 aliud
1460 2189 1574 2223 quam
1596 2177 1720 2222 ipsam
1747 2177 1936 2224 significat
1960 2174 2090 2212 a'mbu-

342 2228 538 2263 lationem:
560 2228 801 2273 quamobrem
820 2228 933 2263 tertia
953 2256 961 2264 .
983 2255 991 2263 .
1013 2255 1020 2263 .
1042 2227 1322 2273 proloquiorum
1341 2228 1519 2271 summa);
1538 2226 1584 2269 cf.
1601 2226 1716 2261 Mart.
1740 2225 1828 2270 Gap.
1849 2225 1916 2260 IV
1929 2226 2004 2260 388
2016 2235 2088 2270 sqq.

342 2278 365 2321 (.
394 2305 401 2311 .
429 2303 435 2310 .
463 2276 584 2320 prima
608 2286 768 2321 persona
794 2275 983 2321 significat
1008 2274 1152 2319 aliquid
1178 2274 1279 2319 quod
1303 2274 1380 2308 iam
1405 2273 1535 2319 negari
1553 2272 1612 2307 vel
1637 2272 1817 2307 affirmari
1842 2272 1963 2317 possit
1987 2273 2025 2306 et
2049 2271 2089 2306 in

342 2323 531 2358 hominem
556 2325 706 2358 tantum
731 2323 834 2358 cadit
860 2351 867 2358 .
890 2351 896 2357 .
920 2351 926 2358 .
952 2322 1065 2358 tertia
1090 2332 1175 2357 vero
1200 2332 1360 2367 persona
1379 2332 1454 2356 non
1478 2319 1638 2355 hominis
1663 2321 1811 2354 tantum
1831 2321 1888 2354 est
1907 2319 1973 2355 sed
1998 2318 2090 2353 alia-

341 2383 424 2406 rum
450 2370 564 2405 etiam
588 2381 711 2405 rerum
739 2399 745 2405 .
775 2399 781 2405 .
810 2399 815 2405 .
843 2370 916 2405 nisi
950 2370 1047 2406 forte
1073 2370 1118 2405 de
1145 2370 1214 2405 deo
1241 2369 1389 2404 dicatur
1413 2367 1557 2412 aliquid
1583 2367 1683 2412 quod
1718 2367 1764 2402 de
1790 2377 1832 2402 eo
1858 2365 1936 2402 solo
1971 2366 2091 2411 possit

342 2417 526 2464 intellegi,
551 2420 593 2453 ut
621 2429 704 2452 cum
731 2418 889 2453 dicimus
914 2417 1014 2463 pluit
1034 2446 1040 2451 .
1063 2445 1070 2453 .
1094 2450 1100 2456 ,
1122 2417 1223 2461 quod
1249 2427 1336 2462 ergo
1362 2415 1476 2451 fuerit
1495 2425 1540 2450 ex
1565 2414 1793 2449 nominativo
1814 2424 1904 2449 casu
1929 2413 2090 2449 nominis

342 2467 381 2501 et
404 2465 517 2501 tertia
539 2465 643 2501 verbi
668 2476 826 2510 persona
852 2466 1092 2501 coniunctum
1116 2464 1353 2510 proloquium
1379 2463 1527 2506 dicitur,
1551 2461 1608 2497 ita
1632 2464 1675 2496 ut
1701 2462 1778 2497 iam
1796 2461 2005 2497 necessario
2025 2462 2091 2496 aut

342 2524 471 2549 verum
496 2513 547 2548 sit
572 2514 638 2547 aut
662 2513 800 2548 falsum
825 2514 891 2548 aut
917 2512 1072 2548 dubium
1098 2540 1105 2547 .
1129 2540 1135 2547 .
1159 2541 1165 2547 .
1193 2512 1280 2546 sunt
1305 2511 1419 2546 etiam
1445 2509 1654 2545 sententiae
1679 2520 1775 2554 quae
1801 2509 1971 2554 quamvis
2005 2519 2091 2543 con-

343 2562 444 2596 stent
478 2571 522 2595 ex
556 2560 706 2595 nomine
742 2562 779 2596 et
807 2560 917 2595 verbo
952 2560 1130 2595 affirmari
1164 2561 1292 2594 tamen
1326 2559 1392 2593 aut
1425 2557 1556 2603 negari
1589 2567 1663 2592 non
1691 2557 1858 2602 possunt,
1887 2567 1983 2601 quae
2016 2566 2091 2591 non

342 2607 540 2653 proloquia
566 2608 631 2643 sed
666 2608 815 2653 eloquia
849 2608 923 2643 dici
958 2607 1146 2643 nonnullis
1180 2606 1342 2652 placuit,
1367 2608 1409 2641 ut
1434 2607 1491 2640 est
1516 2604 1645 2639 modus
1671 2603 1912 2650 imperativus
1937 2615 1964 2639 e.
1985 2614 2016 2648 q.
2036 2604 2089 2648 3.).

344 2658 417 2691 338
441 2655 666 2701 (consistunt
691 2666 754 2691 sex
779 2666 933 2691 normae
959 2656 1041 2700 quis
1068 2655 1241 2690 constant
1267 2655 1412 2689 ceterae
1439 2652 1676 2697 disciplinae:
1704 2663 1791 2686 nam
1816 2651 1937 2696 prima
1963 2652 2020 2686 est
2045 2650 2090 2685 de

334 2703 542 2748 loquendo,
568 2703 732 2738 secunda
759 2703 804 2738 de
831 2702 1051 2748 eloquendo,
1076 2701 1191 2737 tertia
1217 2701 1262 2736 de
1287 2700 1555 2747 proloquendo,
1582 2700 1715 2743 quarta
1741 2699 1787 2734 de
1812 2698 2089 2744 proloquiorum

348 2761 492 2786 summa
516 2761 544 2785 e.
559 2762 590 2795 q.
604 2753 646 2796 s.)

466 2916 483 2946 1
512 2911 722 2957 significare
747 2912 803 2947 vel
827 2910 1030 2955 significari
1055 2912 1065 2955 ΙΙ
1092 2914 1111 2944 2
1132 2909 1294 2954 perflexa
1319 2909 1374 2944 vel
1397 2907 1575 2953 perplexa
1599 2909 1610 2952 Η
1637 2911 1656 2942 6
1676 2906 1858 2943 ferecides
1883 2907 1894 2950 ΙΙ
1922 2909 1940 2939 7
1961 2904 2090 2950 Syrius

344 2960 464 3003 Arev„
490 2958 603 3004 Syrus
629 2959 715 2995 libro:
743 2959 885 2995 Ottom‘s
914 2960 924 3003 Η
958 2962 978 2993 8
1004 2957 1145 3003 pirrum
1173 2959 1178 3002 Ι
1205 2956 1347 3001 primus
1373 2956 1427 2991 vel
1451 2955 1555 3000 prius
1586 2956 1597 2999 ΙΙ
1630 2958 1649 2989 9
1677 2955 1762 2990 exin
1788 2954 1910 2996 Wilm,
1934 2956 2026 2989 recte
2051 2956 2093 2987 ut

344 3007 407 3042 vid
428 3009 433 3052 Ι
458 3007 522 3053 [et]
550 3007 643 3042 idem
668 3007 679 3052 ll
707 3010 750 3041 10
776 3018 1018 3051 μικροπτεραε
1045 3016 1126 3041 corr
1138 3004 1344 3050 Stephanus
1367 3004 1378 3048 11
1410 3007 1452 3037 15
1478 3002 1659 3047 quiddam
1683 3003 1738 3037 vel
1763 3001 1914 3046 quidem

2106 878 2140 903 10

2108 1386 2142 1412 15
