2144 3340
307 149 370 184 XL
996 149 1327 186 PROLEGOMEN
1329 151 1362 184 A

310 257 521 300 Secuntur
569 272 649 300 res
692 257 951 299 hominum
996 272 1144 300 manu
1186 258 1354 301 factae
1398 258 1452 300 ad
1493 259 1686 301 victum
1727 259 2062 315 pertinentes-

309 328 603 386 (lob—112),
647 329 700 371 ad
736 329 983 371 vestitum
1017 331 1066 371 et
1098 344 1233 371 arma
1262 327 1558 386 (113—117),
1599 330 1653 372 ad
1692 330 2053 390 instrumenta,

308 401 348 442 h.
376 415 411 443 e.
446 414 647 460 mensas
686 397 979 456 (118—127),
1023 400 1225 455 sedilia,
1269 414 1430 455 arcane,
1472 401 1742 443 armarium
1781 403 1831 443 et
1860 416 2054 444 armen-

307 472 495 513 tarium
540 470 687 528 (128),
737 471 974 512 mundum
1026 471 1326 513 muliebrem
1373 470 1666 529 (lm-133),
1708 472 2054 515 instrumenta

307 543 504 585 rustica
529 540 817 599 (134—140),
842 541 1105 597 aedificia,
1130 542 1156 584 i.
1182 557 1216 585 e.
1243 542 1449 602 oppida,
1474 543 1632 598 vicos,
1656 543 1786 598 fora,
1810 543 2052 599 inprimis

308 613 472 656 forum
505 613 782 655 Romanum
815 615 863 654 et
892 613 1056 655 multa
1086 612 1228 655 urbis
1259 613 1502 656 aedificia
1533 616 1583 655 et
1611 614 1728 656 loca
1757 612 2052 671 (141—159);

309 685 507 726 domum
551 686 599 726 et
642 683 750 726 eius
793 686 966 739 partes
998 682 1290 741 (160—162);
1335 682 1453 741 (post
1494 683 1711 742 lacunam)
1754 685 1962 729 transitur
1998 686 2053 729 ad

308 757 485 809 portas
529 753 822 812 (163-165);
865 754 1091 797 lectulos
1137 754 1431 812 (166—168);
1481 756 1747 811 pecuniam
1797 756 2052 812 signatam

309 824 603 883 (169—174);
634 826 880 882 pecuniae
910 826 1119 868 vocabula
1149 825 1209 868 ab
1241 841 1333 869 usu
1365 826 1667 882 deprompta
1698 825 1986 884 (175—183).
2043 864 2049 872 ,

427 895 479 938 In
508 897 577 939 his
609 897 816 953 quaedam
849 899 1029 953 exstant,
1062 897 1113 939 de
1145 897 1301 952 quibus
1333 898 1424 940 iure
1457 898 1720 954 dubitamus3
1765 898 1879 954 quod
1910 898 2053 941 minus

308 967 449 1011 valere
479 971 681 1023 putamus
714 968 765 1011 de
795 968 936 1011 verbis
970 983 1078 1023 quae
1110 970 1209 1011 sunt
1241 982 1356 1011 arca
1489 969 1748 1012 declinata
1779 969 1934 1012 aliter
1963 968 2052 1027 (39,

311 1039 365 1081 13
379 1037 473 1096 sq.),
505 1054 614 1095 quae
640 1039 827 1096 Spengel
852 1038 1022 1095 (praef.²
1046 1054 1087 1095 p.
1112 1039 1364 1098 XXXVIII)
1386 1041 1531 1096 potius
1564 1054 1659 1083 oum
1691 1041 1744 1084 iis
1777 1056 1885 1096 quae
1917 1044 1942 1095 ξ
1966 1041 2048 1083 117

308 1110 360 1152 de
396 1124 442 1152 re
479 1110 657 1153 militari
692 1111 936 1152 referuntur
973 1111 1138 1153 conecti
1175 1111 1287 1167 vult,
1331 1125 1429 1154 cum
1458 1126 1512 1154 ne
1543 1112 1606 1155 ibi
1636 1112 1808 1168 quidem
1839 1112 2051 1168 aptiorem

306 1182 450 1224 locum
476 1181 714 1224 inveniant:
755 1182 830 1224 sed
864 1184 980 1224 recte
1011 1181 1297 1225 Ribbeekium
1329 1197 1425 1225 cum
1458 1183 1606 1225 eodem
1639 1182 1827 1240 Spengel
1856 1183 1902 1226 in
1932 1198 2052 1239 para-

307 1253 483 1308 graphis
512 1253 757 1307 129—133‚
782 1253 886 1295 item
911 1253 958 1295 in
982 1253 1262 1310 paragraphis
1293 1253 1523 1296 166-168
1550 1254 1722 1297 haerere
1747 1255 2052 1310 existimamus,

307 1324 463 1379 quibus
500 1324 604 1366 ordo
635 1323 863 1366 admodum
893 1324 1109 1377 turbetur;
1154 1325 1235 1367 etsi
1266 1327 1444 1380 propter
1474 1326 1649 1368 lacunas
1682 1340 1790 1380 quae
1821 1327 1922 1368 sunt
1952 1329 2053 1381 post

307 1394 376 1450 35,
399 1395 453 1437 12
486 1397 529 1437 et
561 1395 630 1449 50,
650 1395 677 1437 3
722 1395 898 1438 difficile
942 1395 1057 1437 dicas
1096 1396 1306 1452 genuinus
1345 1396 1450 1438 ordo
1488 1396 1626 1451 qualis
1665 1397 1769 1439 olim
1800 1397 1941 1439 fuerit.
2001 1395 2052 1438 Id

305 1481 439 1508 unum
471 1466 641 1508 videtur
672 1469 881 1522 constare,
912 1481 937 1508 a
956 1466 1162 1509 Varronis
1194 1467 1374 1509 consilio
1406 1468 1517 1509 hanc
1548 1467 1843 1510 confusionem
1868 1467 2050 1510 alienam

306 1537 451 1593 fuisse,
473 1552 596 1592 quem
619 1538 765 1593 potius
785 1538 904 1580 velut
923 1537 1029 1580 talia
1047 1538 1211 1581 dedisse
1231 1540 1542 1593 exspectamus:
1566 1538 1799 1581 115—117.
1816 1538 2050 1581 129-133.

310 1608 555 1650 118-128.
590 1609 834 1652 166—183.
871 1608 1117 1651 134—165.

428 1682 579 1722 Sexto
611 1679 725 1722 libro
758 1679 1002 1735 disputatur
1046 1680 1126 1722 ‘de
1168 1681 1437 1724 vocabulis
1478 1683 1761 1736 temporum
1803 1684 1851 1723 et
1882 1696 2051 1724 earum

306 1765 473 1792 rerum
516 1765 641 1806 quae
682 1751 732 1792 in
770 1752 968 1807 agendo
1001 1752 1138 1794 fiunt
1169 1754 1254 1793 aut
1287 1752 1528 1794 dicuntur
1560 1767 1668 1794 cum
1698 1754 1928 1808 tempore
1960 1752 2052 1795 ali-

307 1823 427 1877 quo'
461 1821 544 1878 (VI
567 1820 623 1876 l),
656 1822 728 1864 sed
759 1825 809 1864 ut
841 1822 905 1864 ‘si
937 1822 1058 1877 quid
1088 1822 1229 1865 aliud
1259 1823 1495 1865 videatur
1524 1823 1604 1865 his
1635 1824 1829 1878 aptum’
1864 1822 1923 1879 (V
1946 1821 2051 1880 105)

305 1908 358 1935 ne
396 1893 658 1936 excludatur.
720 1893 1002 1936 Planissimae
1039 1897 1139 1936 sunt
1180 1895 1440 1949 paragraphi
1480 1894 1640 1936 1—34:
1684 1894 1828 1950 agitur
1863 1895 2051 1949 primum

307 1965 363 2007 de
394 1965 606 2007 notione
636 1963 884 2019 temporis
917 1967 965 2006 et
991 1965 1048 2007 de
1073 1965 1396 2008 naturalibus
1423 1965 1530 2007 eius
1557 1965 1944 2008 discriminibus
1966 1963 2050 2023 (3);

306 2036 363 2078 de
395 2035 715 2091 temporibus
745 2036 1056 2091 nuncupatis
1089 2050 1113 2076 a
1145 2035 1272 2078 solis
1304 2038 1353 2078 et
1378 2037 1507 2078 caeli
1531 2039 1671 2079 motu
1698 2036 1878 2078 diurno
1906 2034 2050 2093 (4-7)

306 2110 354 2149 et
398 2121 565 2149 annuo
599 2105 658 2163 (8.
692 2106 750 2164 9),
788 2122 812 2148 a
850 2109 988 2149 motu
1030 2107 1181 2149 lunae
1213 2105 1329 2163 (10);
1373 2107 1586 2150 adduntur
1628 2108 1869 2161 lustrum,
1913 2121 2052 2150 secu-

304 2178 424 2234 lum,
450 2193 625 2220 aevum
646 2176 755 2234 (11).
804 2176 871 2219 Ad
897 2178 1092 2220 naturale
1118 2178 1346 2220 discrimen
1376 2178 1554 2221 civilia
1579 2179 1831 2221 vocabula
1856 2179 2049 2220 dierum

305 2249 529 2305 accedunt3
560 2249 706 2305 agitur
732 2249 783 2291 de
815 2249 994 2292 diebus
1025 2249 1176 2291 festis
1203 2250 1406 2291 deorum
1433 2263 1583 2292 causa
1608 2248 1886 2303 institutis,
1917 2248 1961 2289 id
1987 2250 2051 2290 est

306 2321 356 2362 de
389 2320 571 2363 diebus
604 2320 819 2363 statutis
851 2323 895 2362 et
920 2320 1193 2363 annalibus
1218 2333 1311 2362 nec
1335 2320 1414 2362 die
1440 2321 1657 2363 statutis
1678 2318 1906 2376 (12—26).
1955 2318 2049 2362 Hos

305 2391 524 2446 excipiunt
556 2391 663 2434 dies
693 2391 954 2434 hominum
987 2406 1136 2434 causa
1162 2391 1460 2446 constituti,
1491 2390 1535 2432 id
1561 2393 1626 2433 est
1651 2391 1897 2433 mensium
1924 2390 2049 2446 dies,

306 2462 413 2504 dies
456 2462 582 2504 fasti
626 2465 669 2504 et
711 2462 922 2518 nefasti,
964 2462 1173 2505 vocabula
1210 2462 1457 2504 mensium
1489 2460 1716 2519 (27—34).
1788 2461 1904 2512 Quae
1933 2475 2049 2503 nunc

307 2535 520 2588 secuntur,
546 2548 693 2575 eorum
721 2534 824 2576 ordo
850 2536 979 2588 atque
1004 2547 1189 2575 conexus
1212 2547 1300 2575 non
1326 2547 1494 2588 semper
1518 2535 1658 2576 certus
1685 2535 1759 2574 aut
1783 2532 2046 2588 perspicuus.

303 2604 422 2647 Dicit
453 2603 592 2646 Var'ro
626 2605 677 2647 de
714 2605 865 2647 rebus
905 2619 1033 2659 quae
1063 2605 1114 2646 in
1145 2604 1463 2659 temporibus
1494 2604 1632 2646 fiunt
1665 2607 1707 2646 et
1737 2604 1923 2659 primum
1956 2603 2048 2658 qui-

305 2676 400 2718 dem
446 2676 497 2718 de
545 2676 718 2718 verbis
767 2675 1097 2732 primigeniis
1147 2677 1304 2730 atque
1353 2675 1603 2718 derivatis
1653 2678 1696 2718 et
1745 2675 2047 2730 compositis

306 2745 539 2803 (35—40),
581 2747 632 2788 de
664 2747 858 2802 agendo
891 2749 934 2789 et
970 2746 1138 2789 tribus
1171 2747 1429 2789 actionum
1461 2748 1704 2804 gradibus
1736 2746 1824 2804 (41.
1856 2745 1951 2802 42),
1995 2745 2047 2787 de

303 2817 459 2873 primi
503 2818 690 2874 gradus
734 2818 904 2860 verbis
949 2832 1056 2872 quae
1098 2817 1315 2873 pertinent
1359 2818 1412 2860 ad
1456 2818 1639 2860 mentis
1683 2818 1951 2874 agitatum,
1995 2815 2047 2858 de

304 2889 478 2931 verbis
505 2889 863 2945 cogitationis,
894 2889 1204 2943 voluntatis,
1230 2889 1441 2931 similibus
1463 2887 1688 2947 (43-—50)‚
1715 2888 1870 2943 quibus
1897 2901 2045 2942 quae-

305 2960 413 3001 dam
458 2974 583 3014 quae
627 2959 685 3001 ad
728 2962 943 3002 mentem
983 2962 1222 3015 spectant
1263 2960 1581 3015 subiunguntur
1619 2957 1706 3016 (44.
1738 2957 1827 3016 45).
1887 2956 1939 3000 In
1976 2957 2045 3000 his

303 3032 511 3073 nonnulla
561 3030 822 3073 dubitationi
870 3033 971 3073 sunt
1021 3031 1224 3086 obnoxia,
1274 3031 1392 3073 velut
1442 3031 1556 3086 quod
1600 3029 1934 3072 ‘meminisse'
1978 3027 2045 3071 bis
