2176 3386
64 954 100 983 1⁰

68 1312 100 1340 1⁶

66 2031 101 2059 25

66 2389 103 2417 8⁰

842 182 1150 221 FRAGMENTA
1786 182 1871 226 237

334 293 519 336 sentitur
555 294 626 337 vel
668 293 939 351 intellegitur
975 293 1046 337 vel
1086 293 1206 336 latet.
1269 293 1441 351 signum
1481 296 1548 336 est
1591 293 1708 349 quod
1746 295 1789 336 et
1833 307 1878 335 se

334 365 477 422 ipsum
509 365 655 409 sensui
686 368 730 409 et
759 367 931 421 praeter
962 379 1008 408 se
1039 364 1206 421 aliquid
1236 365 1381 408 animo
1413 364 1615 408 ostendit.
1660 365 1781 420 loqui
1814 367 1879 407 est

333 436 565 480 articulata
604 450 708 480 voce
750 438 924 495 signum
966 437 1086 480 dare:
1130 437 1401 480 articulatam
1444 440 1590 480 autem
1631 436 1728 479 dico
1769 451 1879 492 quae

335 507 640 565 comprehendi
664 508 823 552 litteris
848 511 1004 565 potest.
1025 543 1034 552 .
1055 542 1064 551 .
1086 544 1093 551 .
1127 523 1253 552 omne
1272 508 1451 552 verbum
1472 510 1616 552 sonat:
1647 522 1744 551 cum
1764 509 1878 551 enim

334 582 400 623 est
437 580 482 623 in
519 580 694 637 scripto,
737 594 826 623 non
863 580 1054 635 verbum,
1098 580 1174 624 sed
1211 580 1332 624 verbi
1375 581 1548 637 signum
1593 583 1670 623 est.
1699 614 1706 622 .
1734 614 1742 623 .
1770 614 1779 623 .
1805 579 1878 622 sed

335 650 452 707 quod
482 654 620 706 sonat,
650 651 762 695 nihil
793 652 848 695 ad
879 652 1166 696 dialecticam:
1199 652 1251 695 de
1283 667 1389 696 sono
1422 653 1537 695 enim
1569 652 1691 695 verbi
1721 652 1880 709 agitur,

333 736 430 766 cum
472 723 695 779 quaeritur
726 724 794 767 vel
835 723 1194 767 animadvertitur
1224 725 1410 780 qualiter
1439 724 1655 767 vocalium
1687 725 1755 767 vel
1797 724 1880 766 dis-

335 794 552 850 positione
576 795 764 838 leniatur
783 795 853 838 vel
878 795 1161 839 concursione
1186 795 1392 851 dehiscat,
1418 795 1522 838 item
1549 795 1880 839 consonantium

333 865 403 907 vel
443 866 773 922 interpositione
810 866 996 910 nodetur
1024 866 1094 910 vel
1125 867 1403 924 congestione
1441 870 1667 924 asperetur
1698 870 1741 910 et
1772 870 1880 922 quot

334 937 404 980 vel
444 938 644 1004 Qialibus
686 938 864 994 syllabis
897 941 1079 994 constet,
1118 938 1195 982 ubi
1235 939 1431 995 poeticus
1470 938 1703 995 rhythmus
1735 953 1880 982 accen-

334 1011 490 1064 tusque
522 1024 546 1051 a
578 1011 874 1066 grammaticis
907 1010 1098 1054 solarum
1129 1011 1299 1054 aurium
1331 1013 1574 1054 tractantur
1598 1011 1787 1069 negotia.
1837 1014 1880 1054 et

333 1083 478 1123 tamen
519 1095 616 1124 cum
656 1081 708 1125 de
748 1081 818 1124 his
859 1081 1118 1138 disputatur,
1157 1085 1328 1139 praeter
1359 1083 1628 1126 dialecticam
1669 1097 1756 1126 non
1798 1086 1880 1126 est:

333 1151 439 1195 haec
469 1153 584 1196 enim
617 1154 798 1197 scientia
823 1154 1074 1211 disputandi
1100 1157 1176 1198 est.
1222 1155 1297 1197 sed
1322 1169 1420 1198 cum
1446 1154 1578 1198 verba
1606 1154 1694 1197 sint
1724 1169 1880 1209 rerum,

335 1223 507 1280 quando
534 1224 591 1268 de
621 1226 730 1281 ipsis
763 1225 973 1282 obtinent,
1004 1225 1234 1269 verborum
1266 1229 1411 1270 autem
1443 1227 1519 1269 illa
1545 1226 1703 1282 quibus
1729 1227 1780 1269 de
1811 1226 1881 1269 his

336 1295 583 1352 disputatur
624 1295 742 1355 (nam
774 1311 872 1340 cum
905 1297 957 1340 de
987 1298 1131 1341 verbis
1162 1298 1284 1354 loqui
1326 1299 1411 1341 nisi
1442 1298 1586 1342 verbis
1616 1313 1881 1355 nequeamus

334 1370 378 1411 et
408 1382 506 1412 cum
534 1367 756 1424 loquimur
786 1383 876 1412 non
905 1370 991 1413 nisi
1023 1369 1075 1412 de
1106 1370 1326 1426 aliquibus
1357 1370 1487 1413 rebus
1519 1368 1780 1428 loquimur),
1813 1384 1881 1413 oc-

334 1440 471 1483 currit
501 1440 646 1483 animo
679 1440 741 1483 ita
772 1455 866 1484 esse
890 1441 1022 1484 verba
1053 1442 1179 1499 signa
1209 1456 1365 1499 rerum,
1395 1444 1445 1484 ut
1474 1457 1542 1485 res
1575 1456 1668 1485 esse
1699 1457 1787 1485 non
1814 1442 1882 1485 de-

335 1511 491 1555 sinant.
535 1526 632 1555 cum
659 1527 762 1570 ergo
788 1512 967 1556 verbum
994 1528 1067 1556 ore
1098 1513 1306 1570 procedit,
1338 1514 1375 1557 si
1400 1516 1579 1570 propter
1604 1529 1649 1556 se
1674 1514 1883 1570 procedit,

333 1582 379 1626 id
409 1585 476 1626 est
506 1587 556 1626 ut
587 1583 639 1627 de
670 1585 766 1640 ipso
793 1585 925 1628 verbo
957 1585 1122 1641 aliquid
1155 1587 1387 1642 quaeratur
1418 1588 1493 1628 aut
1525 1585 1783 1641 disputetur,
1814 1600 1882 1628 res

335 1657 402 1698 est
441 1656 592 1711 utique
632 1656 917 1712 disputationi
949 1657 1279 1713 quaestionique
1320 1657 1525 1713 subiecta,
1566 1657 1642 1700 sed
1681 1657 1775 1712 ipsa
1814 1671 1882 1699 res

334 1726 513 1771 verbum
551 1731 738 1771 vocatur.
807 1729 1015 1785 quicquid
1057 1732 1200 1773 autem
1246 1744 1300 1772 ex
1337 1729 1469 1772 verbo
1507 1743 1595 1772 non
1639 1729 1769 1782 auris,
1808 1728 1883 1771 sed

335 1799 505 1842 animus
531 1800 664 1843 sentit
689 1803 732 1842 et
757 1800 852 1856 ipso
879 1801 1025 1844 animo
1051 1803 1224 1844 tenetur
1249 1801 1478 1856 inclusum,
1499 1800 1673 1843 dicibile
1693 1803 1882 1843 vocatur.

335 1885 433 1913 cum
465 1885 565 1914 vero
597 1871 778 1914 verbum
809 1872 1004 1928 procedit
1034 1887 1123 1915 non
1153 1875 1331 1929 propter
1361 1887 1419 1928 se,
1450 1872 1526 1915 sed
1556 1875 1734 1929 propter
1765 1872 1884 1915 aliud

335 1941 500 1998 aliquid
525 1942 871 2001 significandum,
896 1943 1028 1987 dictio
1054 1947 1250 2001 vocatur3
1275 1959 1344 1987 res
1370 1947 1514 1988 autem
1541 1945 1636 2001 ipsa
1660 1958 1770 2000 quae
1796 1943 1882 1986 iam

335 2013 514 2057 verbum
546 2029 633 2058 non
665 2017 732 2058 est
761 2030 901 2071 neque
929 2015 1050 2059 verbi
1081 2016 1127 2058 in
1158 2018 1301 2059 mente
1333 2016 1572 2072 conceptio,
1604 2016 1694 2059 sive
1725 2008 1883 2058 habeat

335 2084 515 2128 verbum
555 2101 640 2142 quo
685 2087 921 2144 significari
964 2088 1104 2144 possit
1147 2088 1239 2131 sive
1275 2102 1364 2131 non
1401 2087 1571 2143 habeat,
1615 2087 1727 2131 nihil
1765 2087 1883 2130 aliud

338 2171 468 2212 quam
501 2171 568 2200 res
599 2161 778 2201 vocatur
807 2159 986 2215 proprio
1028 2160 1113 2203 iam
1149 2160 1335 2202 nomine.
1398 2159 1503 2202 haec
1541 2173 1645 2216 ergo
1677 2161 1884 2214 quattuor

337 2227 543 2271 distincta
555 2231 800 2273 teneantur:
814 2230 994 2274 uerbum
1009 2230 1181 2280 dicibile
1195 2230 1328 2274 dictio
1342 2245 1423 2274 res.
1456 2230 1573 2286 quod
1586 2230 1677 2273 dixi
1691 2230 1883 2284 verbum,

337 2301 380 2341 et
412 2299 592 2344 verbum
624 2303 690 2344 est
727 2304 771 2344 et
807 2302 986 2345 verbum
1024 2302 1259 2360 significat3
1298 2302 1414 2358 quod
1446 2302 1534 2345 dixi
1567 2302 1758 2358 dicibile,
1791 2316 1884 2345 ver-

336 2370 440 2414 bum
473 2374 539 2414 est
563 2386 643 2415 nec
668 2375 814 2416 tamen
839 2373 1032 2429 verbum,
1064 2374 1139 2417 sed
1165 2374 1282 2430 quod
1312 2373 1358 2416 in
1383 2374 1515 2417 verbo
1547 2373 1816 2431 intellegitur
1841 2376 1884 2416 et

336 2443 481 2486 animo
514 2445 762 2488 continetur
787 2445 1022 2502 significat3
1054 2446 1170 2501 quod
1202 2445 1292 2488 dixi
1325 2445 1572 2500 dictionem,
1598 2445 1778 2488 verbum
1805 2448 1883 2499 est,

338 2515 413 2558 sed
439 2515 555 2571 quod
580 2516 667 2559 iam
693 2516 770 2560 illa
794 2516 879 2560 duo
906 2517 1049 2572 simul,
1081 2517 1126 2560 id
1157 2519 1222 2561 est
1248 2519 1291 2560 et
1323 2517 1467 2574 ipsum
1491 2517 1671 2560 verbum
1698 2520 1741 2559 et
1767 2516 1884 2573 quod

337 2587 389 2629 fit
425 2587 471 2629 in
502 2589 647 2631 animo
682 2602 760 2644 per
790 2588 970 2632 verbum
1007 2589 1241 2646 significat;
1280 2589 1397 2645 quod
1435 2589 1525 2631 dixi
1562 2604 1672 2643 rem,
1703 2589 1883 2632 verbum

339 2660 417 2713 est,
457 2658 574 2715 quod
612 2661 784 2716 praeter
823 2660 899 2703 illa
939 2660 1024 2704 tria
1063 2675 1174 2717 quae
1215 2660 1331 2704 dicta
1371 2663 1474 2703 sunt
1505 2660 1712 2716 quicquid
1749 2662 1885 2703 restat

342 2729 568 2786 significat.
590 2763 599 2773 .
620 2764 657 2773 ..
708 2731 840 2774 verba
879 2731 974 2788 ipsa
1015 2732 1228 2788 quispiam
1270 2747 1323 2775 ex
1363 2746 1413 2775 eo
1455 2735 1580 2788 putat
1621 2731 1737 2776 dicta
1770 2732 1886 2788 quod

341 2815 487 2843 aurem
520 2802 644 2857 quasi
674 2802 917 2846 verberent:
947 2804 1098 2860 immo,
1128 2804 1271 2859 inquit
1303 2803 1426 2859 alius,
1458 2804 1575 2860 quod
1606 2818 1759 2846 aerem.
1812 2802 1886 2846 sed

245 2909 291 2942 36
303 2917 354 2952 sq.
383 2906 438 2951 Of.
459 2907 659 2954 Auqustin.
685 2907 729 2944 de
758 2910 933 2955 mayistro
959 2909 995 2944 V
1009 2912 1058 2945 12
1088 2908 1257 2955 (verbum
1288 2910 1416 2945 autem
1441 2909 1611 2955 quamvis
1638 2919 1661 2944 a
1686 2907 1885 2944 verberata

247 3004 266 3036 7
280 3012 332 3047 sq.
358 3003 517 3047 quanta:
544 3013 626 3039 corr
645 3002 778 3040 Vsener
798 3005 804 3049 1
826 3003 1075 3050 dispositione
1099 3005 1155 3040 vel
1179 3004 1439 3049 disputatione
1463 3005 1475 3050 ΙΙ
1502 3007 1523 3039 9
1549 3003 1651 3049 quod
1676 3004 1731 3039 vel
1756 3004 1849 3048 quot
1874 3005 1886 3049 11

126 3052 174 3133 ἐξ
185 3060 238 3096 sq.
262 3060 353 3133 naml
371 3077 379 3084 .
400 3077 409 3086 .
431 3049 649 3133 ‚licquimur
671 3051 742 3087 secl
760 3051 894 3088 Vsener
917 3053 929 3098 ΙΙ
955 3056 998 3087 21
1021 3062 1129 3088 aures
1147 3053 1204 3088 vel
1222 3051 1324 3087 auris
1349 3053 1360 3097 ΙΙ
1386 3055 1432 3086 24
1458 3050 1605 3096 aliquid
1624 3053 1679 3088 vel
1698 3050 1854 3097 aliquod
1873 3053 1884 3096 ΙΙ

199 3107 274 3143 quo
298 3107 339 3134 ve
377 3109 451 3143 quo
