2176 3386
689 172 817 210 LIBRI
841 171 961 208 XXIV
987 171 1049 208 m·
1073 170 1167 208 mc.
1192 170 1375 208 mou.
1747 203 1753 210 .
1830 170 1914 214 19⁷

375 282 703 341 disiunguntur,
747 281 988 339 pugnantia
1023 295 1115 325 esse
1154 281 1268 325 inter
1310 294 1402 325 sese
1446 283 1635 337 oportet,
1679 294 1916 336 eorumque

375 353 589 412 opposita,
614 368 725 410 quae
750 353 1030 410 ἀντικείμενα
1050 351 1200 397 Graeci
1227 352 1388 408 dicunt,
1413 367 1464 396 ea
1487 366 1659 408 quoque
1684 352 1779 409 ipsa
1803 351 1917 395 inter

375 441 421 469 se
460 426 639 470 adversa
678 440 783 469 esse.
842 439 894 468 ex
931 424 1132 468 omnibus
1173 438 1282 481 quae
1319 424 1627 482 disiunguntur
1657 438 1791 466 unum
1823 437 1916 467 esse

379 512 523 541 verum
562 496 707 552 debet,
747 497 858 540 falsa
896 499 1046 539 cetera.
1098 495 1252 553 quodsi
1291 498 1366 539 aut
1396 494 1507 538 nihil
1539 495 1734 538 omnium
1765 509 1915 538 verum

125 587 141 614 ι
377 572 453 613 aut
483 569 629 613 omnia
653 568 831 626 plurave
862 583 991 625 quam
1024 582 1158 611 unum
1185 582 1285 611 vera
1309 570 1435 611 erunt
1466 570 1542 610 aut
1567 581 1677 623 quae
1704 566 1918 610 disiuncta

377 643 479 684 sunt
508 655 597 684 non
628 640 886 698 pugnabunt
910 643 986 683 aut
1017 654 1126 696 quae
1158 639 1361 696 opposita
1385 653 1534 682 eorum
1567 641 1669 681 sunt
1700 638 1919 683 contraria

376 712 488 756 inter
524 727 615 755 sese
652 727 738 755 non
778 714 920 766 erunt,
957 714 1050 755 tum
1088 711 1131 754 id
1170 711 1432 754 disiunctum
1468 710 1740 755 mendacium
1778 713 1843 753 est
1874 712 1919 752 et

375 782 618 840 appellatur
646 781 1093 839 παραὸιεζευγμένον,
1125 781 1252 825 sicuti
1284 781 1368 825 hoc
1399 785 1476 838 esi,
1508 781 1552 824 in
1585 796 1671 838 quo
1703 796 1812 838 quae
1844 795 1918 838 op·

375 856 520 912 posita
549 870 639 899 non
670 857 771 898 sunt
803 854 1036 898 contraria:
1069 854 1160 896 ‘aut
1190 853 1327 898 curris
1358 855 1436 896 aut
1464 853 1662 897 ambulas
1693 856 1769 896 aut
1800 854 1916 896 stas’.

107 946 169 974 ιο.
375 941 475 970 nam
508 927 604 983 ipsa
633 926 808 983 quidem
839 927 953 970 inter
992 940 1037 968 se
1070 925 1246 969 adversa
1277 927 1393 981 sunt,
1430 925 1503 969 sed
1535 925 1735 982 opposita
1767 940 1917 968 eorum

375 1013 463 1042 non
493 1001 708 1057 pugnant:
740 1013 829 1042 non
853 997 1075 1042 ambulare
1101 997 1216 1040 enim
1248 1000 1292 1040 et
1316 1011 1403 1040 non
1430 1000 1543 1041 stare
1568 1001 1612 1040 et
1636 1011 1724 1040 non
1749 1011 1920 1040 currere

378 1070 595 1114 contraria
626 1070 739 1114 inter
770 1085 862 1113 sese
893 1084 981 1114 non
1013 1072 1127 1126 sunt,
1158 1069 1362 1125 quoniam
1396 1069 1611 1113 contraria
1641 1084 1691 1112 ea
1716 1069 1920 1112 dicuntur

377 1157 487 1198 quae
519 1141 649 1184 simul
679 1157 780 1185 vera
811 1156 904 1185 esse
935 1156 1024 1184 non
1056 1143 1238 1198 queunt:
1268 1141 1410 1197 possis
1442 1141 1557 1184 enim
1590 1140 1720 1183 simul
1753 1141 1922 1184 eodem-

379 1228 462 1270 que
494 1216 687 1270 tempore
719 1228 860 1270 neque
892 1212 1113 1256 ambulare
1144 1227 1284 1270 neque
1316 1215 1429 1266 stare
1459 1227 1599 1269 neque
1631 1227 1812 1256 currere.

111 1304 146 1331 ιι
165 1285 225 1330 30
255 1284 330 1344 (37
359 1283 489 1343 [23]).
534 1299 630 1328 cum
663 1285 853 1328 indidem
878 1285 1129 1328 haurierint.

578 1427 886 1473 LIBRORVM
916 1428 996 1471 DE
1029 1426 1253 1471 LINGVA
1285 1426 1466 1470 LATIN
1468 1427 1507 1470 A

500 1509 745 1547 INCERTAE
773 1510 908 1547 SEDIS
934 1509 1240 1546 FRAGMENTA
1265 1509 1580 1553 INCERTAQVE

164 1584 219 1629 31
255 1584 362 1642 [32].
406 1599 604 1642 proceres
636 1584 711 1640 qui
742 1586 1046 1641 processerunt
1071 1586 1170 1627 ante
1196 1583 1322 1627 ah‘os:
1354 1583 1466 1626 unde
1498 1586 1541 1626 et
1572 1598 1767 1640 proceres
1799 1584 1923 1641 tigna

379 1671 488 1713 quae
520 1655 606 1700 alia
629 1656 752 1714 tigna
782 1670 912 1713 porro
943 1657 1226 1699 excesserunss.

110 1746 146 1774 ιο
165 1728 224 1772 32
255 1726 333 1787 (24
360 1726 488 1785 [28]).
533 1728 677 1771 senior
706 1730 750 1770 et
781 1728 925 1771 iunior
955 1727 1239 1784 comparativi
1271 1729 1374 1770 sunt
1406 1741 1485 1783 per
1517 1727 1860 1770 inminutionem.

165 1799 223 1844 33
255 1798 332 1859 (38
361 1798 492 1858 [30]).
537 1802 668 1856 caput
699 1833 708 1842 .
736 1834 744 1842 .
772 1834 780 1842 .
813 1799 931 1855 quod
966 1799 1071 1843 hinc
1107 1799 1280 1855 capiant
1316 1799 1490 1843 initium
1528 1814 1678 1842 sensus
1709 1813 1760 1842 ac
1789 1798 1923 1842 nervi.

165 1871 224 1916 34
256 1870 333 1930 (39
360 1870 490 1929 [31]).
534 1870 694 1929 (Varro
726 1869 850 1929 dicit)
883 1872 996 1914 alam
1029 1871 1219 1915 culmum
1252 1870 1388 1914 fabae.

293 2016 336 2048 15
364 2013 444 2049 GL.
466 2014 517 2050 ΙΙ
531 2016 616 2057 540,
629 2015 652 2049 3
678 2012 882 2059 (invenitur
905 2013 1033 2049 fiamen
1053 2012 1169 2049 etiam
1188 2012 1337 2049 haurivi
1356 2012 1415 2049 vel
1434 2012 1569 2048 haurii
1595 2012 1715 2048 Varro
1734 2012 1775 2048 in
1788 2011 1925 2047 XXIIII

184 2061 239 2098 vel
262 2059 383 2096 XXIII
426 2061 556 2096 ‘cum.
609 2060 877 2106 .haurierint’)
901 2062 913 2106 ΙΙ
940 2063 984 2096 18
1009 2061 1115 2097 schol.
1141 2061 1218 2098 cod.
1238 2061 1365 2098 Ambr.
1392 2062 1434 2096 in
1453 2061 1547 2097 Aen.
1567 2062 1645 2096 III
1664 2063 1714 2097 58
1739 2062 1924 2106 (proceres

204 2119 288 2145 arro
314 2108 363 2144 ad
418 2108 603 2144 iceronem
629 2108 763 2143 dixit‘
767 2119 968 2155 proceres
1020 2109 1339 2154 ‚excesserunt');
1363 2109 1461 2145 Serv.
1487 2109 1529 2144 in
1554 2110 1647 2144 Aen.
1675 2109 1703 2144 I
1722 2111 1794 2144 740
1826 2109 1924 2154 (pro-

169 2167 270 2193 ceres
296 2157 423 2192 autem
447 2156 534 2192 ideo
559 2156 765 2193 secundum
790 2155 996 2191 Varronem
1021 2156 1210 2202 principes
1236 2155 1402 2192 civitatis
1428 2155 1617 2200 dicuntur,
1642 2155 1733 2201 quia
1758 2155 1925 2191 eminent

167 2205 207 2240 in
234 2214 291 2248 ea,
326 2204 424 2239 sicut
459 2204 496 2239 in
524 2203 706 2239 aedificiis
731 2203 869 2239 muzuli
894 2203 1060 2248 quidam,
1095 2203 1166 2239 hoc
1192 2204 1250 2239 est
1274 2203 1403 2249 capita
1427 2203 1605 2248 trabium,
1631 2214 1727 2249 quae
1751 2213 1924 2249 proceres

168 2251 444 2297 nominantur„
472 2252 550 2288 ΤΘ.
564 2263 593 2288 8.
607 2263 641 2288 v.
667 2250 799 2298 (Varro
820 2251 918 2287 dixit
942 2250 1050 2298 ligna
1074 2262 1154 2287 esse
1179 2251 1290 2287 tectis
1310 2251 1574 2297 prominentia,
1595 2251 1696 2297 quod
1715 2251 1925 2296 procedunt

169 2301 276 2336 extra
309 2299 473 2346 parietes
508 2299 562 2335 sic
597 2298 828 2346 appellata);
861 2300 907 2343 cf.
933 2299 1030 2336 Serv.
1057 2299 1160 2336 Dan.
1192 2300 1234 2335 in
1260 2300 1354 2335 Aen.
1381 2300 1457 2335 III
1476 2302 1544 2343 58,·
1578 2300 1669 2336 leid.
1697 2299 1762 2335 IX
1785 2301 1888 2342 4,17
1912 2300 1925 2344 ΙΙ

170 2350 216 2383 20
241 2347 338 2384 Serv.
364 2348 407 2383 in
436 2348 524 2384 Aen.
547 2347 582 2383 V
602 2350 676 2384 409
701 2347 923 2402 (secundum
947 2347 1153 2383 Varronem
1185 2347 1396 2383 senior..
1424 2346 1712 2383 inminutionem
1740 2376 1746 2383 .
1770 2375 1776 2381 .
1800 2375 1807 2382 .
1834 2357 1924 2393 ergo

169 2395 294 2432 senior
317 2406 392 2430 non
418 2395 510 2431 satis
536 2405 647 2431 senex
674 2395 773 2430 sicut
802 2394 926 2431 iunior
950 2406 1023 2431 non
1051 2394 1142 2431 satis
1177 2395 1332 2440 iuvenis,
1367 2394 1469 2431 intra
1492 2394 1666 2431 iuvenem
1701 2394 1798 2430 sicut
1832 2406 1925 2440 pau-

168 2442 293 2490 perior
322 2442 423 2478 intra
457 2453 671 2489 pauperem.
724 2442 818 2479 dicit
851 2443 978 2478 autem
1012 2443 1084 2479 hoc
1109 2442 1227 2479 Varro
1262 2443 1302 2478 in
1336 2442 1442 2479 libris
1477 2442 1526 2479 ad
1551 2442 1781 2488 Ciceronem)
1816 2447 1850 2478 et
1883 2443 1925 2478 in

170 2491 263 2527 Aen.
283 2490 344 2527 VI
363 2493 434 2526 304
464 2490 602 2536 (senior
627 2491 684 2526 est
707 2490 832 2526 virens
858 2501 971 2527 senex
996 2491 1039 2526 ut
1063 2490 1188 2526 iunior
1228 2491 1283 2527 vel
1315 2490 1500 2538 iuvenior]
1526 2490 1628 2526 inira
1651 2490 1824 2526 iuvenem
1850 2491 1924 2526 est.

171 2548 285 2584 quam
318 2548 397 2574 rem
431 2549 455 2574 a
479 2538 647 2575 Varrone
681 2539 883 2574 tractassam
909 2537 1105 2575 confirmat
1131 2540 1169 2574 et
1232 2538 1383 2584 linins);
1418 2539 1463 2583 cf.
1493 2538 1575 2575 GL.
1602 2539 1654 2574 II
1673 2542 1733 2581 90,
1748 2542 1780 2574 1
1807 2540 1867 2581 92,
1881 2541 1924 2581 6;

171 2586 271 2623 Don.
297 2587 339 2621 in
358 2586 459 2622 Eun.
478 2587 569 2632 prol*
592 2589 624 2622 4.
648 2587 737 2623 Hec.
756 2587 854 2632 prol.
874 2587 926 2622 II
940 2589 973 2622 3.
1000 2587 1147 2623 Pam-m.
1168 2587 1217 2622 II
1239 2589 1273 2630 3,
1288 2589 1334 2622 15
1341 2600 1355 2631 ;
1382 2587 1473 2623 Isid.
1496 2587 1564 2621 XI
1577 2589 1614 2630 2,
1626 2588 1686 2622 25.
1713 2587 1794 2630 diff.
1816 2588 1886 2621 531
1913 2587 1925 2631 ΙΙ

172 2637 216 2669 21
243 2634 415 2670 Lactant.
442 2634 486 2669 de
519 2634 609 2680 opis.
636 2633 672 2670 d.
698 2637 733 2678 5,
752 2637 776 2670 6
809 2634 863 2679 (in
898 2645 1042 2670 summo
1067 2644 1153 2670 vero
1180 2634 1468 2670 constructionis
1494 2634 1575 2670 eius
1603 2662 1611 2670 .
1633 2661 1640 2669 .
1663 2661 1671 2670 .
1698 2639 1813 2679 caput
1838 2644 1923 2669 con-

171 2680 327 2726 locavit,
359 2681 397 2716 in
422 2692 496 2726 quo
521 2683 620 2717 esset
643 2681 812 2728 regimen
836 2681 954 2718 totius
981 2680 1184 2718 animanfiis
1211 2681 1417 2727 datumque
1442 2681 1501 2717 illi
1531 2681 1603 2718 hoc
1628 2693 1763 2717 nomen
1788 2683 1856 2724 est
1883 2682 1927 2716 ut

172 2728 326 2775 quidem
351 2728 469 2764 Varro
495 2728 544 2765 ad
569 2728 783 2765 Ciceronem
816 2729 965 2774 scribit,
997 2729 1126 2774 quod.
1180 2758 1186 2765 .
1213 2730 1331 2775 nervi)
1358 2747 1402 2759 =
1428 2730 1521 2766 Isia.
1549 2730 1617 2766 XI
1631 2733 1664 2773 1,
1676 2732 1725 2766 25
1753 2729 1816 2773 (cf.
1841 2729 1924 2772 diff.

170 2788 239 2814 rer.
266 2779 330 2821 50)
369 2778 380 2822 ΙΙ
423 2780 467 2812 22
493 2777 591 2814 Serv.
613 2777 712 2822 plen.
738 2778 781 2813 in
809 2777 904 2814 Geor
965 2778 993 2813 Ι
1014 2780 1061 2813 75
1098 2776 1284 2823 (nonnulli
1320 2777 1470 2832 proprie
1509 2777 1672 2813 calamos
1709 2776 1925 2823 lupinorum

172 2823 253 2860 alas
284 2823 360 2860 dici
394 2826 550 2870 putant,
583 2826 627 2860 ut
650 2823 809 2860 Aelius.
831 2778 1110 2873 ..ng0>(
1095 2825 1142 2861 de
1173 2824 1306 2871 lingua
1339 2825 1461 2860 latina
1486 2824 1587 2861 alam
1612 2824 1778 2861 culmum
1812 2823 1926 2859 fabae

171 2871 296 2920 dic<it
319 2872 374 2908 vel
398 2871 505 2919 (dic)i
530 2852 682 2920 docet»

293 2996 311 3027 1
340 2991 608 3038 disiunguntur
626 2991 681 3028 vel
706 2990 964 3038 adiunguntur
988 2994 999 3038 ΙΙ
1026 2996 1046 3027 5
1073 2991 1261 3027 disiuncta
1280 2992 1334 3027 vel
1359 2991 1541 3027 adiuncta
1565 2993 1576 3036 ΙΙ
1604 2995 1647 3027 12
1673 2990 1861 3027 contraria
1880 3001 1927 3026 ea

171 3039 227 3075 vel
251 3039 438 3075 contrarie
462 3041 474 3086 ΙΙ
501 3042 545 3075 18
570 3038 691 3085 possis
716 3040 771 3076 vel
795 3050 924 3085 posses
947 3041 958 3085 ΙΙ
989 3044 1032 3075 15
1057 3038 1269 3075 haurierint
1293 3039 1347 3075 vel
1371 3038 1592 3074 haurierant
1622 3041 1634 3085 η
1667 3042 1712 3074 20
1738 3039 1863 3075 senior
1887 3039 1927 3074 st

176 3086 301 3122 iunior
325 3087 379 3123 vel
404 3086 577 3123 iuuenior
602 3088 640 3122 et
666 3086 791 3123 senior
