2176 3386
338 116 424 159 266
1025 114 1402 151 ADNOTATIONES

338 229 504 268 bendum
527 239 744 278 provocare
767 229 896 276 possit
927 228 1064 267 Varro.
1099 229 1227 266 Immo
1256 231 1445 276 provocat
1473 228 1527 267 ad
1541 259 1543 261 .
1557 229 1677 268 libros
1701 230 1784 267 ΙΙΙ
1803 230 1850 268 de
1878 231 2083 278 poematis,
2154 232 2158 237 ’

339 306 434 344 quos
459 306 504 332 ex
532 293 704 333 Charisii
729 294 941 333 testimonio
967 296 1000 332 et
1024 294 1258 342 Hieronymi
1288 294 1460 343 cataloyo
1483 295 1672 340 novimus,
1690 297 1782 343 post
1803 295 1922 334 libros
1945 295 1982 334 d.
2008 295 2032 334 l.
2058 296 2081 335 l.

337 361 500 408 scriptos
526 370 605 398 esse
628 360 711 398 iam
736 360 923 398 discimus
950 370 994 398 ex
1017 359 1084 397 illo
1109 359 1188 397 loeo
1214 357 1280 407 (ef.
1308 360 1423 398 etiam
1449 359 1671 399 Wilmasmis
1690 372 1732 408 p.
1755 360 1812 399 68
1835 360 1927 399 adn.
1949 349 2006 408 Ἰ).

462 431 527 479 76,
550 431 616 468 11.
652 429 711 478 Of.
738 430 958 469 Mommsen
985 426 1180 469 ‘Staatsr.’
1206 430 1263 467 II
1287 424 1330 468 1³
1347 441 1390 478 p.
1410 431 1498 469 236
1523 431 1615 470 adn.

460 497 527 544 76,
550 497 615 533 12.
647 491 901 547 <quot>quot
927 496 1040 534 annis
1064 495 1131 543 Sp.
1157 494 1210 543 (v.
1237 495 1290 533 ad
1317 496 1384 540 67,
1403 495 1460 544 3).

461 562 528 610 77,
549 561 585 599 8.
622 559 681 608 Of.
708 561 850 599 Prantl
877 557 1026 599 ‘Geseli
1052 560 1088 599 d.
1115 557 1227 608 Lea?
1254 560 1285 597 I
1306 561 1401 599 438.
1432 560 1527 599 519.

465 628 530 676 77,
554 628 621 664 12.
656 625 715 674 Cf.
745 626 969 665 Wilmanns
988 637 1029 673 p.
1058 625 1125 671 15,
1150 626 1407 665 Reitzenstein
1424 638 1467 674 p.
1495 625 1563 671 52,
1586 629 1621 664 1.

461 693 527 741 77,
551 692 617 730 13.
652 690 711 739 Of.
731 691 883 730 Lachm
912 692 956 729 in
974 691 1094 730 Luer.
1113 703 1155 739 Ρ.
1171 692 1270 736 306,
1295 702 1531 738 quamquam
1554 691 1729 730 nondum
1752 693 1878 731 omnis
1896 693 2084 733 dubitatio
2150 695 2153 696 ⁷

339 760 486 796 remota
514 760 577 796 est.
623 756 668 795 Si
693 757 828 806 eloqui
852 759 886 794 et
908 755 1063 806 reloqui
1096 757 1310 804 infinitivos
1335 768 1423 795 eum
1439 757 1636 806 plerisque
1660 758 1832 806 accipias
1856 757 1922 807 (de
1945 758 2084 807 quibus

338 824 374 861 si
416 824 515 861 tanti
553 825 608 861 est
643 822 692 870 ef.
718 822 967 860 Petit-Radel
1002 823 1044 860 in
1070 820 1218 860 Annal.
1256 822 1343 860 inst.
1382 822 1569 861 archaeol.
1595 823 1667 861 IV
1687 835 1724 861 a.
1752 824 1869 862 1832
1897 835 1940 872 p.
1964 823 2084 871 240),

337 888 512 936 displicet
540 888 640 926 illud
665 887 916 936 eloquuntur,
940 898 1017 935 pro
1038 898 1111 935 quo
1138 888 1230 936 quei
1253 887 1471 937 loquuntur
1489 887 1641 926 Lachne.
1658 890 1885 937 proposuit‚·
1916 879 1980 927 sin
2005 889 2084 928 elo-

339 954 476 1003 quium
501 964 715 997 servamus,
741 954 808 991 vix
831 951 1015 1001 reloquos
1041 963 1128 990 ewm
1153 952 1409 990 Lachmanno
1433 953 1700 1002 adiunyemus.

461 1025 527 1073 77,
550 1024 616 1062 16.
661 1035 782 1073 quom
819 1024 915 1061 eunt
952 1023 1004 1061 ad
1041 1024 1209 1062 amicam
1247 1023 1290 1060 in
1326 1023 1437 1062 luctu
1473 1023 1676 1063 Baehrens
1715 1026 1758 1063 in
1798 1023 1880 1063 Gat.
1912 1037 1956 1073 p.
1983 1026 2084 1071 220,

338 1101 418 1128 non
440 1092 550 1128 reete.

458 1156 525 1204 77,
549 1156 614 1192 19.
655 1154 717 1193 Ne.
750 1155 800 1193 de
821 1154 980 1193 delendo
1014 1154 1119 1192 inter
1143 1166 1183 1193 se
1209 1153 1449 1193 conveniunt
1474 1155 1611 1204 coqites
1636 1166 1723 1194 ewm
1746 1154 1832 1203 Sp„
1858 1167 1892 1195 v.
1918 1157 1997 1194 test.
2024 1176 2081 1182 ——

341 1219 400 1268 Of.
426 1221 525 1258 Mue
549 1220 591 1258 in
616 1220 719 1258 Fest.
738 1232 780 1268 p.
809 1219 967 1258 XLIV.
999 1219 1128 1258 instar
1152 1218 1259 1258 cinni
1285 1220 1495 1258 concinant
1523 1219 1661 1258 Oanal.
1953 1233 1957 1236 ’

459 1287 526 1335 77,
548 1287 614 1324 22.
658 1281 856 1336 poeta<e>
893 1285 1068 1336 cogitata
1107 1279 1202 1339 (pro
1241 1279 1460 1338 cogitante)
1492 1284 1624 1333 Sciop,
1660 1286 1872 1335 poetarum
1909 1285 2084 1337 cogitata

347 1351 492 1391 Usener
516 1352 625 1390 Mus.
651 1350 774 1389 Rhen.
803 1350 960 1389 XXIV
974 1362 1015 1399 p.
1044 1351 1140 1388 110.
1166 1371 1225 1376 —-
1251 1345 1398 1402 quo[d]
1424 1362 1607 1389 maxume
1631 1352 1717 1388 tum
1741 1350 1783 1388 id
1809 1350 1845 1388 d.
1874 1349 2012 1389 Oanal.

462 1418 529 1465 78,
551 1417 588 1454 5.
620 1417 762 1455 novius
789 1418 829 1454 et
851 1427 929 1454 non
954 1418 1051 1455 recte
1077 1427 1122 1454 ex
1148 1414 1272 1453 Gellio
1306 1415 1477 1454 Varroni
1502 1416 1713 1454 obtrudunt
1737 1416 1898 1454 editores
1921 1415 2085 1465 neylecto

340 1484 375 1520 et
410 1482 675 1521 additamento
710 1482 815 1532 quod
853 1483 1070 1520 extremum
1102 1482 1189 1528 (ubi
1224 1481 1428 1520 verborum
1458 1481 1632 1520 ordinem
1665 1482 1821 1520 invertit
1852 1480 2019 1528 Gellius)
2052 1483 2087 1520 et

339 1547 510 1586 aliorum
532 1549 879 1596 yrammatieorum
904 1547 970 1595 (ef.
997 1545 1232 1592 testimonia)
1257 1547 1412 1585 iudicio.

461 1619 615 1668 78,12.
669 1618 728 1666 Of.
759 1630 801 1667 p.
831 1620 898 1663 90,
922 1618 966 1656 5:
1002 1618 1105 1661 unde
1141 1617 1379 1666 Proserpina
1416 1617 1599 1655 addenda
1636 1618 1927 1667 tragoediarum
1963 1618 2084 1656 indici

338 1684 612 1728 Ribbeckiano,
639 1695 727 1722 cum
751 1684 819 1722 hoe
843 1683 923 1721 loco
942 1684 1112 1731 eorriyat
1135 1682 1253 1721 choro
1273 1682 1504 1721 Ribbeckius
1522 1684 1606 1720 sine
1625 1683 1899 1731 probabilitate
1922 1683 1966 1721 in
1984 1682 2083 1721 Hec-

339 1751 425 1788 tore
451 1750 510 1788 vel
534 1749 649 1799 Equo
676 1749 859 1787 Troiano.

461 1820 528 1869 78,
551 1821 616 1859 13.
650 1820 755 1858 enim
768 1822 859 1868 post
876 1821 976 1869 quis,
1003 1819 1104 1868 quod
1124 1830 1169 1859 ex
1181 1819 1402 1857 Havniensi
1419 1820 1560 1867 recepit
1578 1819 1820 1864 Ribbeekius,
1840 1820 1890 1858 ab
1909 1820 2085 1858 omnibus

339 1885 452 1925 libris
483 1886 626 1930 ceteris,
660 1886 775 1924 etiam
799 1885 927 1931 Laeti,
958 1885 1083 1923 abest:
1112 1885 1241 1933 itaque
1270 1883 1553 1932 interpolatum.
1601 1883 1660 1932 Cf.
1687 1884 1769 1923 Leo
1797 1881 1848 1923 Ἡ.
1873 1888 1945 1923 sat.
1975 1881 2083 1924 Vers’

331 1962 377 1999 p.
402 1951 460 1989 35
485 1952 552 2000 qui
578 1951 696 1990 verba
720 1952 936 1999 septenario
961 1951 1150 1989 trochaico
1173 1949 1339 1988 includit
1366 1946 1441 1997 (‘es
1465 1950 1571 1988 kann
1596 1951 1658 1988 ein
1682 1950 1935 1989 trochdiseher
1958 1949 2086 1998 Septe-

338 2027 416 2054 nar
441 2017 500 2054 bis
523 2028 596 2055 zur
621 2015 847 2055 drittletzten
871 2016 1039 2063 Hebuny
1068 2011 1200 2062 sein’).

462 2088 528 2135 79,
552 2089 588 2126 1.
618 2087 698 2125 Pro
724 2087 811 2126 dico
838 2087 909 2136 qui
933 2086 1163 2125 Ribbeekius
1187 2087 1328 2134 fraym.
1356 2080 1422 2124 tr.⁸
1440 2098 1482 2134 p.
1509 2087 1568 2124 36
1593 2086 1681 2126 dico
1706 2087 1849 2126 vicisse
1866 2088 2083 2135 proposuit,

338 2153 465 2191 verbis
490 2164 576 2190 cum
600 2152 703 2191 Non.
732 2154 831 2197 306,
849 2153 910 2191 28
934 2153 1156 2190 coniunctis.

461 2219 528 2267 79,
549 2218 586 2256 8.
620 2217 699 2256 dici
723 2230 843 2256 numo
869 2229 956 2256 cum
980 2217 1144 2256 Budaeo
1172 2217 1362 2256 Victorius
1369 2230 1383 2264 ;
1408 2216 1607 2255 addicitur
1631 2229 1795 2255 nummo
1813 2217 1964 2266 Popma
1989 2217 2084 2265 affe-

338 2294 430 2321 rens
453 2283 555 2321 inter
580 2284 662 2322 alia
691 2272 769 2322 Cic.
787 2294 864 2331 pro
890 2283 990 2321 Rab.
1016 2282 1117 2320 Post.
1145 2282 1203 2320 45
1228 2277 1330 2335 (tua,
1355 2281 1555 2331 Postume,
1580 2294 1740 2320 nummo
1766 2281 1948 2320 sestertio
1974 2295 1997 2320 a
2021 2294 2084 2320 me

341 2345 596 2398 addicuntur)
626 2351 661 2386 et
687 2349 723 2386 V
721 2361 794 2386 err.
814 2349 844 2386 I
849 2348 886 2387 V
911 2347 965 2386 53
991 2343 1055 2401 (ut
1079 2349 1214 2397 posset
1239 2347 1367 2386 dicere
1392 2359 1432 2386 se
1458 2348 1597 2386 emisse
1621 2346 1876 2398 Archagatho
1902 2347 2084 2397 imperat,

339 2415 386 2451 ut
409 2413 489 2452 illis
516 2413 669 2463 aliquid
695 2444 703 2451 .
731 2445 739 2453 .
767 2443 775 2451 .
801 2413 1098 2452 nummulorum
1122 2412 1220 2450 dicis
1246 2423 1365 2451 causa
1390 2406 1533 2464 daret).
1573 2412 1616 2450 V.
1642 2413 1776 2451 testim.

462 2485 528 2533 79,
551 2486 586 2522 9.
619 2481 747 2536 <nec>
771 2485 913 2523 scienti
939 2496 1059 2534 quom
1085 2482 1122 2522 ei
1146 2482 1252 2532 quod
1277 2482 1383 2520 Ellis
1407 2481 1431 2520 l.
1456 2493 1488 2520 s.
1513 2493 1543 2522 S.
1562 2495 1604 2531 p.
1632 2484 1730 2522 360.
2065 2502 2067 2506 v

467 2551 534 2598 79,
557 2552 608 2588 11
625 2561 679 2597 sq.
713 2550 762 2588 ab
789 2563 833 2588 eo
860 2549 930 2600 qui
955 2551 1030 2588 scit
1054 2549 1203 2596 docere,
1227 2544 1432 2599 (doctor),
1457 2550 1516 2587 est
1541 2548 1620 2587 dux
1640 2560 1669 2587 e.
1683 2561 1761 2598 q.s.
1786 2549 1918 2587 Reiter
1928 2561 1972 2597 Ρ.
1995 2548 2083 2596 5sq.

462 2616 529 2664 79,
551 2616 618 2654 15.
658 2615 793 2663 Neque
826 2628 846 2652 e
885 2613 1180 2665 praepositione
1215 2612 1290 2661 (sic
1306 2612 1356 2651 A.
1375 2612 1462 2662 Sp.)
1496 2625 1616 2661 neque
1642 2627 1689 2652 ex
1721 2613 1977 2663 impositione
2011 2613 2085 2661 (sie

339 2679 423 2728 Sp,
456 2681 523 2728 qui
557 2683 672 2719 antea
700 2681 747 2718 de
772 2680 931 2729 disputo
958 2681 998 2718 et
1022 2679 1207 2728 computo
1237 2679 1297 2716 vel
1327 2678 1530 2729 disputare
1556 2681 1596 2718 et
1620 2681 1849 2730 computare
1880 2678 2082 2727 cogitarat)

340 2757 461 2793 neque
487 2758 533 2782 ex
558 2746 815 2796 proportione
841 2744 914 2794 (sie
941 2743 1087 2792 Canal)
1113 2744 1321 2782 sententiae
1343 2744 1564 2792 respondet:
1598 2746 1711 2792 atque
1735 2744 1782 2783 de
1798 2744 2084 2792 praepositione

339 2812 427 2859 ipsa
445 2811 481 2849 si
499 2811 698 2858 eoqitasset
723 2811 861 2856 Varro,
885 2809 1159 2860 praeverbium
1185 2808 1354 2848 dixisset.
1384 2808 1462 2847 Sed
1483 2810 1650 2857 fortasse
1669 2822 1689 2846 e
1707 2808 1978 2858 propositione
1997 2819 2083 2847 ewm

340 2876 469 2914 eodem
504 2875 570 2924 Sp.
607 2876 759 2915 servari
787 2877 923 2924 potest,
958 2876 995 2914 si
1030 2874 1250 2925 propositio
1275 2895 1334 2900 —
1358 2876 1403 2913 ut
1437 2875 1544 2923 apud
1583 2875 1802 2919 Ciceronem
1830 2895 1880 2900 —
1909 2874 2086 2923 desiynat

338 2942 530 2980 notionem
549 2959 594 2971 =
615 2937 907 2989 ‘Vm-stellans.
943 2939 1004 2989 Of.
1030 2941 1145 2978 etiam
1170 2939 1223 2978 ad
1241 2952 1284 2987 p.
1312 2940 1380 2985 84,
1400 2941 1429 2978 8
1446 2951 1476 2978 s.
1495 2941 1524 2988 f.

460 3007 528 3054 80,
551 3007 573 3044 7
588 3017 642 3054 sq.
678 3006 737 3054 C'f.
762 3006 861 3044 Mue
886 3007 939 3045 ad
964 3006 1064 3044 Fest.
1092 3001 1212 3044 Pauli
1228 3015 1270 3052 p:
1298 3005 1368 3050 25,
1390 3007 1457 3050 10,
1475 3006 1702 3044 ‘Mommsen
1727 3004 1842 3053 apud¹
1859 3003 2078 3045 Brun-sium
