2144 3340
271 166 373 202 XXII
942 167 1311 204 PROLEGOMENA

385 274 477 318 Iam
508 290 609 318 vero
642 275 696 317 ad
725 275 1020 331 retingendum
1052 276 1332 332 archetypum
1367 277 1524 319 summi
1555 279 1763 320 momenti
1789 279 1866 332 est,
1896 276 2012 332 quod
2042 310 2047 313 .
2138 275 2141 280 '

267 345 471 387 foliorum
503 345 732 400 defectum,
777 360 903 401 quem
942 346 1111 402 saepius
1142 362 1370 402 perpessus
1402 351 1510 403 erat,
1541 348 1589 390 F
1626 351 1819 391 accurate
1850 347 2012 393 indicat

267 441 326 447 —
369 416 443 458 sed
479 416 654 459 minime
691 416 973 471 aequabiliter
1007 409 1172 460 lacunis
1211 417 1426 474 significat
1467 435 1542 461 -ε
1587 420 1637 461 cf.
1671 419 1733 461 ad.
1756 418 1826 474 50,
1845 419 1873 462 3
1906 403 2010 476 (duo

267 486 403 543 folia),
435 488 488 529 ad
519 487 595 542 91,
617 487 668 529 11
710 485 862 544 (111111111
892 486 1065 544 folium)
1098 491 1141 530 et
1172 488 1226 530 ad
1257 489 1332 544 99,
1355 488 1409 531 15
1443 488 1564 545 (item
1594 487 1765 547 unum);
1796 490 1873 532 ubi
1904 503 2012 545 quae

267 558 396 612 paulo
429 560 531 613 post
564 557 667 614 100,
690 558 746 600 14
777 558 972 615 signatur
1001 560 1156 602 lacuna
1188 560 1279 602 sine
1311 559 1619 621 additamento,
1661 563 1711 603 ut
1741 560 1927 617 videtur,
1964 575 2013 602 ea

267 629 396 686 longe
427 629 551 671 aliter
582 632 828 686 comparata
853 633 919 672 est
942 645 1082 686 neque
1107 630 1251 686 potuit
1276 645 1328 673 ex
1353 633 1446 674 toto
1473 646 1638 674 conexu
1662 632 1890 674 verborum
1912 631 2011 687 plus

269 714 396 755 quam
433 713 581 742 versus
620 701 830 755 quosdam
871 702 1099 744 continere.
1162 701 1295 745 Porro
1338 703 1391 745 cf.
1429 702 1493 745 ad.
1528 702 1631 757 146,
1651 702 1696 755 5,
1738 702 1920 758 denique
1960 702 2013 744 ad
2124 723 2128 726 ·

271 770 368 825 179,
389 770 415 812 3
448 770 550 827 (tria
577 769 701 828 folia)
734 774 777 814 et
808 772 862 814 ad
896 773 992 828 181,
1016 772 1071 814 14
1102 771 1225 829 (item
1257 771 1370 829 tria).
1420 772 1564 828 Atque
1595 772 1675 816 hos
1707 773 1898 816 defectus
1928 788 2014 815 una
2087 780 2098 798 ³

268 856 364 883 cum
402 842 463 883 eis
501 856 609 897 quae
647 843 917 886 intercedunt
949 846 1199 898 computans
1231 847 1274 886 et
1305 844 1549 900 adsumens,
1593 844 1709 900 quod
1739 844 1868 886 etiam
1897 843 1943 886 in
1972 843 2020 887 F
2028 883 2035 891 ,

269 913 569 968 quaterniones
599 917 820 970 apparent,
853 914 933 957 etsi
965 914 1009 956 in
1035 915 1169 957 altera
1200 917 1323 970 parte
1348 916 1565 958 immutati
1590 918 1702 970 sunt,
1732 915 2014 971 probabiliter

269 984 409 1026 effecit
432 984 479 1026 L.
500 983 685 1040 Spengel
711 986 893 1028 sedecim
920 986 1274 1041 quaternionibus
1301 987 1541 1029 constitisse
1567 986 1857 1042 archetypum,
1887 985 2015 1029 inter-

268 1055 422 1098 cidisse
447 1070 546 1098 vero
579 1071 631 1098 ex
663 1059 815 1111 quarto
847 1056 953 1099 folia
983 1055 1047 1099 IV
1073 1060 1116 1099 et
1141 1056 1194 1109 V,
1225 1072 1278 1100 ex
1309 1059 1492 1114 septimo
1518 1057 1561 1100 H
1585 1060 1628 1101 et
1653 1056 1749 1113 VII,
1774 1072 1827 1099 ex
1852 1057 2013 1100 decimo

269 1126 420 1182 quinto
463 1126 484 1168 I
521 1125 565 1169 II
602 1125 668 1169 III
705 1130 748 1170 et
786 1126 847 1170 VI
884 1127 969 1170 VH
1006 1127 1131 1183 VIII,
1175 1143 1273 1171 cum
1316 1129 1564 1172 undecimus
1607 1131 1726 1171 totus
1773 1129 2014 1184 deperierit.

269 1197 363 1248 Quo
396 1197 569 1253 accedit,
600 1201 649 1240 ut
689 1199 883 1242 traiectio
914 1199 1154 1242 necessaria
1185 1214 1314 1255 quam
1355 1200 1399 1241 in
1439 1200 1550 1242 libro
1583 1201 1733 1255 quinto
1765 1200 2015 1246 detexerunt

269 1268 479 1326 Georgius
521 1268 755 1312 Buchanan
795 1272 838 1312 et
868 1269 900 1313 I.
934 1269 1126 1328 Scaliger
1166 1269 1236 1328 (cf.
1269 1271 1323 1313 ad
1355 1271 1394 1327 9,
1427 1271 1481 1313 14
1505 1286 1564 1327 sq.
1598 1271 1688 1328 [11,
1720 1270 1774 1313 16
1814 1270 1921 1313 med.
1959 1295 2014 1302 -—

270 1340 336 1392 13,
356 1341 410 1382 21
439 1339 585 1396 med.])
619 1355 670 1383 ex
702 1341 849 1383 eadem
880 1342 1200 1397 computatione
1240 1342 1443 1385 facillime
1485 1342 1732 1399 explicetur,
1769 1341 1934 1385 scilicet
1963 1357 2016 1384 ex
2070 1389 2071 1392 Ἴ

269 1411 398 1466 primi
430 1412 724 1467 quaternionis
755 1413 871 1455 foliis
905 1413 1055 1468 quinto
1088 1416 1131 1455 et
1165 1416 1317 1469 quarto
1350 1414 1463 1456 inter
1493 1428 1539 1456 se
1569 1413 1835 1469 permutatis.

385 1482 503 1524 Haec
546 1485 595 1525 ut
635 1487 784 1539 aperta
831 1484 1143 1540 manifestaque
1194 1487 1294 1526 sunt
1340 1484 1627 1528 defectionum
1664 1484 2014 1539 traiectionisque

270 1554 481 1609 exempla,
530 1555 591 1596 ita
639 1569 764 1597 nemo
811 1555 1039 1598 mirabitur
1081 1556 1301 1611 exemplar
1343 1558 1433 1598 tam
1481 1555 1591 1598 male
1640 1555 1837 1598 habitum
1886 1555 2014 1597 etiam

269 1625 516 1680 ceteroquin
558 1625 773 1668 abundare
817 1629 860 1669 et
905 1627 1116 1669 eiusmodi
1160 1630 1203 1670 et
1246 1627 1428 1669 aliorum
1469 1641 1673 1684 generum
1715 1626 1882 1669 mendis
1919 1626 2016 1668 viti-

266 1711 399 1751 isque.

385 1765 529 1823 Atque
561 1767 613 1810 de
642 1767 909 1811 traiectionis
941 1769 1221 1812 intricatioris
1253 1769 1498 1825 suspicione
1524 1769 1569 1811 in
1593 1769 1620 1811 l.
1647 1768 1688 1811 V
1713 1770 1766 1822 ἐξ
1794 1767 2015 1811 115-183

267 1841 417 1894 postea
449 1839 638 1881 dicemus
665 1838 724 1896 (p.
751 1838 858 1897 XL).
911 1839 973 1883 Of.
1000 1840 1128 1883 etiam
1161 1841 1253 1882 adn.
1281 1841 1334 1882 ad
1366 1840 1462 1896 177,
1482 1840 1550 1882 28.
1601 1839 1666 1881 De
1691 1839 1856 1881 minore
1881 1841 2014 1881 trans-

267 1910 482 1966 positione
513 1910 758 1952 monuimus
784 1911 838 1953 ad
870 1911 938 1966 96,
962 1911 1036 1953 18:
1078 1911 1222 1967 agitur
1254 1911 1305 1953 de
1335 1925 1460 1953 versu
1493 1911 1662 1953 circiter
1687 1910 1743 1952 33
1774 1909 2014 1952 litterarum

269 1984 367 2023 ante
400 1981 613 2037 duplicem
645 1981 732 2023 fere
763 1981 1005 2024 litterarum
1037 1996 1262 2024 numerum
1295 1982 1555 2037 collocando,
1588 1981 1661 2036 qui
1691 1982 1767 2023 uni
1798 1980 1940 2024 versui
1970 1981 2017 2023 in

266 2052 319 2107 F,
352 2052 519 2095 duobus
544 2052 727 2095 fortasse
752 2053 798 2095 in
824 2052 1057 2108 exemplari
1086 2053 1269 2108 quodam
1295 2053 1537 2109 antiquiore
1562 2053 1829 2108 respondeat.
1878 2051 2017 2095 Aliter

269 2148 328 2154 -—
353 2138 405 2166 ex
436 2123 640 2166 redeunte
671 2138 775 2166 voce
806 2128 952 2178 aperta
978 2149 1033 2154 —-—
1060 2124 1300 2179 explicatur
1323 2125 1518 2166 traiectio
1551 2139 1576 2165 a
1606 2124 1763 2166 Bootio
1794 2125 2017 2179 perspecta

271 2195 367 2250 131,
387 2194 462 2237 25:
497 2195 593 2249 132,
616 2195 652 2237 1.
714 2195 882 2237 Rursus
907 2195 991 2237 alia
1023 2210 1170 2238 eorum
1202 2195 1361 2238 similia
1392 2198 1504 2250 sunt,
1538 2210 1646 2250 quae
1678 2209 1806 2249 supra
1836 2194 1888 2236 ab
1920 2195 2015 2249 ipso

267 2266 442 2308 librario
475 2266 662 2308 indicata
692 2266 895 2322 vidimus,
926 2267 1044 2309 velut
1078 2267 1150 2322 15,
1173 2267 1215 2321 7,
1247 2266 1300 2308 ad
1334 2267 1437 2321 162,
1457 2267 1483 2309 6
1516 2269 1558 2308 et
1592 2266 1693 2322 182,
1713 2265 1782 2307 21.
1842 2264 2017 2307 Mirabi-

267 2337 363 2392 lior,
395 2337 469 2379 sed
499 2338 737 2379 necessaria
768 2340 833 2380 est
863 2337 1091 2380 verborum
1122 2337 1382 2394 permutatio
1414 2352 1440 2378 a
1464 2336 1707 2379 Luebberto
1737 2335 1834 2390 178,
1855 2335 1910 2377 15
1924 2349 2014 2391 sqq.

267 2410 522 2463 perpetrata.
572 2407 769 2463 Denique
801 2409 852 2451 cf.
885 2409 978 2451 adn.
1011 2408 1064 2451 ad
1093 2409 1164 2463 40,
1187 2409 1252 2450 10.
1288 2408 1383 2460 183,
1407 2408 1457 2450 11
1475 2422 1569 2463 sqq.
1604 2407 1701 2462 189,
1723 2407 1788 2449 11.

387 2478 536 2536 Longe
567 2479 821 2534 ampliorem
852 2479 996 2523 locum
1029 2479 1111 2522 sibi
1142 2479 1360 2522 vindicant
1389 2479 1566 2521 lacunae
1595 2478 1852 2534 litterarum,
1889 2479 2015 2534 sylla-

268 2551 438 2606 barum,
480 2550 727 2605 verborum,
770 2565 988 2606 versuum,
1034 2550 1181 2607 quales
1218 2550 1291 2593 hic
1328 2550 1418 2593 illic
1454 2565 1478 2591 a
1508 2549 1686 2592 librario
1718 2550 1911 2606 signatae
1943 2549 2014 2606 (cf.

273 2621 340 2678 16,
359 2622 398 2664 9.
431 2621 501 2677 93,
524 2622 590 2664 12.
625 2621 723 2677 100,
748 2622 813 2664 14.
849 2622 946 2677 133,
968 2621 1102 2679 1.10)
1139 2623 1392 2677 plerumque
1424 2621 1515 2664 sine
1546 2622 1670 2678 signo
1701 2620 1874 2664 relictae
1905 2623 2015 2664 sunt.

270 2691 387 2742 Quae
424 2692 672 2748 saepissime
705 2717 760 2724 —
792 2696 841 2735 ut
877 2694 923 2736 in
959 2694 1211 2738 traiectione
1247 2692 1374 2735 modo
1408 2694 1738 2736 commemorata
1771 2717 1826 2722 —
1858 2706 1911 2734 ex
1941 2691 2016 2733 ho-

268 2764 557 2807 moeoteleuto
583 2765 652 2807 vel
676 2779 728 2806 ex
753 2765 1056 2808 homoeoarcto
1084 2764 1288 2821 explicari
1313 2766 1513 2819 possunt:
1545 2763 1596 2806 cf.
1628 2762 1695 2819 15,
1718 2764 1760 2819 1,
1794 2762 1863 2817 16,
1881 2762 1920 2804 9.
1942 2763 2016 2818 16,

272 2835 339 2890 17,
359 2836 404 2891 63
448 2835 519 2891 20,
540 2835 613 2891 18,
657 2835 726 2891 31,
748 2837 785 2878 7.
807 2835 882 2891 21,
925 2836 995 2892 34,
1016 2836 1053 2878 7.
1074 2836 1101 2878 9
1135 2834 1191 2893 (v.
1222 2834 1349 2892 adn).
1384 2835 1456 2891 17,
1507 2833 1576 2889 35,
1599 2834 1664 2876 10.
1685 2834 1760 2890 20,
1791 2833 1860 2888 38,
1880 2833 1935 2875 21
1958 2854 2014 2868 =

269 2905 344 2962 50,
367 2906 440 2962 103
491 2906 567 2960 39,
589 2906 644 2949 15
677 2904 734 2964 (v.
766 2906 900 2964 adn.);
947 2907 1070 2964 4Ο,3
1104 2906 1145 2964 (P
1175 2922 1214 2949 v.
1245 2904 1371 2964 adn).
1406 2906 1472 2948 13.
1503 2905 1574 2962 16,
1625 2905 1696 2959 45,
1723 2904 1749 2946 3
1790 2903 1848 2962 (v.
1883 2902 2015 2960 adn.);

268 2977 338 3032 46,
359 2977 492 3033 8.17;
523 2978 594 3032 49,
614 2977 659 3034 5,
691 2977 761 3033 50,
783 2978 835 3020 17
869 2981 913 3020 et
947 2977 999 3020 18
1034 2977 1112 3035 (?);
1143 2977 1215 3033 53,
1235 2978 1279 3034 7,
1311 2977 1380 3033 54,
1401 2977 1438 3019 3.
1458 2977 1498 3019 4.
1519 2976 1643 3032 6sq.;
1676 2976 1744 3030 61,
1765 2975 1791 3017 8
1823 2978 1866 3018 et
1898 2974 2012 3031 62,ss

269 3051 323 3101 (v.
351 3046 484 3105 adn.);
516 3048 584 3104 66,
605 3049 643 3091 2.
663 3049 737 3104 20,
772 3049 936 3105 68,11,
967 3049 1037 3104 69,
1058 3049 1104 3105 3,
1137 3048 1206 3100 71,
1227 3049 1265 3090 2.
1287 3048 1331 3104 8,
1365 3048 1433 3103 72,
1453 3048 1498 3104 2,
1531 3047 1599 3102 77,
1618 3047 1645 3089 3
1666 3067 1723 3081 ---
1745 3046 1813 3103 79,
1835 3046 1907 3102 19,
1945 3045 2014 3101 80,
