2176 3386
851 178 1157 216 FRAGMENTA
1798 179 1885 223 233

341 289 442 333 talis
484 291 674 345 quantus
713 291 861 332 tantus
901 291 1062 346 quotus
1093 291 1231 346 totus3
1272 288 1416 332 minus
1449 303 1578 345 quam
1618 289 1744 333 finita
1785 292 1887 333 sunt

343 374 436 405 sex:
469 360 561 417 ipse
595 360 676 404 iste
708 361 745 404 is
770 360 842 404 hic
873 360 984 404 idem
1012 361 1098 418 sui3
1129 361 1374 417 possessiva
1398 364 1500 405 sunt
1525 361 1733 417 quinque:
1766 376 1887 404 meus

341 435 443 476 tuus
483 446 586 476 suus
626 434 774 476 noster
805 435 963 476 vester:
1004 432 1090 476 alia
1129 433 1387 489 pronomina
1416 447 1505 477 non
1546 432 1748 477 invenies.
1811 433 1886 476 sed

342 504 482 548 dicere
513 503 619 547 mihi
652 503 805 547 habes:
847 504 995 547 dixisti
1027 504 1133 547 mihi
1166 504 1251 548 alia
1287 504 1542 561 pronomina
1572 519 1660 549 non
1691 505 1887 561 inveniri,

90 592 107 620 ι
341 575 417 619 sed
446 575 592 619 inveni
623 575 727 631 alia3
759 575 854 619 dico
888 575 985 619 tibi:
1017 590 1098 635 ego
1125 576 1228 634 dixi,
1260 577 1362 633 quia
1391 590 1479 620 non
1505 580 1607 621 sunt
1630 577 1889 635 primigenia

343 661 452 703 quae
483 647 589 691 dicit
621 646 780 703 Varro,
817 648 891 691 sed
928 647 1172 691 deductiva:
1210 648 1397 692 multum
1435 649 1615 692 interest
1652 652 1798 692 utrum
1831 648 1889 692 sit

341 718 507 775 aliquid
538 718 601 776 [a]
632 719 829 762 naturale
861 733 916 762 an
948 718 1151 776 [aliquid]
1186 719 1483 764 derivatim.

130 790 216 834 124
241 790 348 848 (102
375 788 535 848 [264]).
587 805 639 833 ex
664 789 733 834 his
759 790 1093 847 pronominibus
1119 791 1303 835 sedecim
1331 794 1501 835 tantum
1520 791 1660 835 Varro
1686 793 1889 836 adverbia

342 862 435 905 eius
459 861 576 905 modi
603 861 837 905 secundum
862 875 1067 905 sonorum
1093 862 1303 906 rationem
1331 863 1425 906 fieri
1452 863 1782 907 demonstravit:
1814 863 1887 907 ille

0 973 2 977 ,
77 950 109 978 ιο
342 932 434 978 illic
458 933 580 977 illinc
611 933 715 977 illuc
745 933 836 989 illo,
866 934 948 977 iste
974 933 1130 989 <i>stic
1161 934 1290 978 istinc
1315 935 1440 992 istuc,
1471 935 1543 979 hic
1566 935 1639 979 hic
1664 935 1767 979 hinc
1791 935 1887 991 11110,

342 1005 453 1048 idem
485 1004 658 1061 ibidem,
689 1005 764 1062 qui
791 1019 890 1062 quo,
916 1006 1076 1062 quique
1102 1021 1287 1063 quoque,
1314 1007 1575 1063 quicumque
1602 1022 1889 1064 quocumque,

342 1077 516 1134 quidam
562 1077 792 1133 quondam,
836 1077 1051 1135 quispiam
1095 1079 1278 1135 uspiam,
1322 1079 1480 1135 aliquis
1524 1079 1671 1136 aliquo
1716 1079 1890 1135 alicubi,

343 1148 484 1205 qualis
525 1148 723 1205 qualiter,
767 1163 887 1192 meus
927 1150 1102 1193 meatim
1144 1152 1188 1193 et
1224 1150 1443 1208 significat
1479 1165 1598 1194 more
1635 1166 1745 1207 meo,
1786 1154 1888 1194 tuus

342 1220 498 1263 tuatim
531 1223 574 1263 et
607 1220 824 1278 significat
855 1235 974 1264 more
1005 1223 1095 1277 tuo,
1128 1235 1232 1264 suus
1258 1222 1418 1265 suatim
1450 1225 1494 1266 et
1522 1223 1738 1281 significat
1770 1237 1888 1266 more

75 1309 109 1336 ιε
343 1306 435 1350 suo,
463 1295 612 1335 noster
643 1292 872 1336 nostratim
904 1295 947 1335 et
977 1292 1195 1351 significat
1225 1308 1346 1337 more
1376 1297 1539 1350 nostro,
1564 1297 1706 1338 vester
1730 1297 1889 1338 vestra-

346 1365 426 1407 tim
458 1366 503 1407 et
539 1363 757 1421 significat
787 1379 907 1408 more
938 1367 1095 1408 vestro.
1156 1380 1209 1408 ex
1240 1365 1398 1421 quibus
1429 1366 1759 1422 pronominibus
1796 1369 1887 1410 tan-

343 1439 436 1479 tum
469 1450 597 1492 quem
629 1435 684 1479 ad
713 1436 889 1480 modum
921 1436 1125 1479 adverbia
1154 1437 1276 1491 fiant,
1306 1438 1435 1481 sicuti
1460 1437 1601 1482 Varro
1628 1438 1788 1494 docuit,
1821 1439 1888 1482 de-

341 1508 688 1551 monstravimus.

130 1580 216 1624 125
242 1579 380 1636 [463]
431 1594 512 1636 ego
545 1579 733 1623 insolens
764 1583 895 1636 atque
926 1580 1176 1636 infrequens
1207 1582 1388 1625 verbum
1423 1582 1617 1638 proferre
1647 1582 1768 1625 velut
1805 1583 1890 1639 spi-

75 1668 109 1694 20
342 1666 442 1694 nain
474 1651 636 1695 calcare
667 1651 822 1695 devito.

131 1723 215 1767 126
241 1722 349 1781 (112
375 1722 536 1781 [422]).
592 1722 795 1767 curculio.
846 1723 984 1767 Varro
1024 1725 1085 1767 ait
1126 1724 1211 1768 hoc
1253 1740 1411 1768 nomen
1454 1741 1531 1782 per
1571 1725 1889 1770 antistoechum

348 1795 511 1839 dictum
543 1795 666 1850 quasi
707 1796 922 1853 gurgulio,
955 1796 1159 1852 quoniam
1200 1811 1336 1852 paene
1367 1797 1479 1840 nihil
1510 1800 1576 1840 est
1605 1797 1692 1840 nisi
1723 1800 1888 1855 guttur.

132 1867 214 1910 127
242 1865 290 1922 (3
316 1864 476 1924 [451]).
508 1866 645 1910 Varro
678 1867 821 1910 asinos
852 1867 1017 1923 rudere,
1048 1882 1173 1910 canes
1199 1868 1392 1925 gannire,
1422 1868 1566 1925 pullos
1591 1870 1742 1926 pipare
1767 1869 1887 1912 dixit.

131 1938 216 1982 128
249 1937 326 1997 (79
360 1937 518 1997 [319]).
579 1953 709 1995 prosa
739 1941 805 1981 est
835 1939 1047 1995 producta
1078 1939 1216 1983 oratio
1249 1955 1274 1982 a
1303 1939 1400 1998 lege
1431 1941 1560 1984 metri
1591 1941 1751 1984 soluta:
1791 1956 1888 1996 pro·

76 2026 110 2053 ²5
345 2025 440 2053 sum
479 2009 595 2053 enim
635 2010 805 2066 antiqui
843 2011 1103 2067 productum
1136 2011 1337 2055 dicebant
1377 2015 1421 2056 et
1459 2015 1644 2056 rectum:
1685 2013 1798 2056 unde
1829 2014 1891 2056 ait

250 2154 271 2186 8
300 2151 380 2188 GL.
408 2151 473 2188 IV
494 2154 579 2196 152,
593 2154 641 2188 30
667 2153 726 2197 (ex
751 2151 810 2187 his
837 2179 845 2187 .
873 2180 881 2188 .
908 2180 915 2187 .
943 2151 1317 2200 demonstravimus);
1346 2154 1392 2197 cf.
1421 2155 1498 2190 III
1517 2157 1635 2198 74,15
1677 2154 1890 2190 derivativa

128 2199 392 2246 pronominum
425 2198 506 2235 illic
539 2199 627 2235 istic
660 2199 734 2235 huc
768 2199 860 2235 illuc
893 2199 992 2236 istuc
1025 2199 1114 2236 hinc
1147 2200 1255 2236 illinc
1290 2200 1402 2236 istinc
1436 2201 1509 2237 hac
1534 2201 1630 2237 istac
1658 2201 1778 2247 ’lac),
1803 2203 1851 2238 al.
1877 2205 1889 2248 ss

132 2251 208 2284 13⁸
232 2276 240 2284 .
268 2246 323 2292 Cf.
347 2247 428 2284 GL.
450 2247 484 2282 V
504 2250 626 2292 243,6
650 2246 844 2293 (adverbia
865 2275 872 2282 .
895 2276 901 2282 .
925 2275 932 2282 .
953 2258 976 2283 a
1000 2248 1222 2293 pronomine
1246 2259 1351 2284 meus
1377 2249 1530 2285 meatim
1556 2251 1644 2285 tuus
1670 2249 1824 2286 tuatim:
1851 2251 1891 2286 et

129 2258 230 2331 nihii
257 2294 362 2331 aliud
393 2294 583 2341 significat
612 2294 768 2330 meatim
798 2295 936 2330 tuatim
966 2295 1042 2330 nisi
1072 2306 1155 2332 meo
1181 2306 1284 2332 more
1309 2298 1387 2332 tuo·
1400 2298 1518 2343 more)
1526 2311 1540 2342 ;
1572 2299 1599 2334 Ι
1617 2300 1704 2342 221,
1719 2301 1742 2334 6
1749 2311 1764 2342 ;
1788 2298 1888 2334 Non.

131 2345 212 2387 179,
229 2345 300 2387 29;
335 2343 412 2380 ΤΘ.
437 2354 466 2379 8.
498 2343 673 2387 meatim,
705 2344 754 2379 al.
791 2344 803 2390 ΙΙ
842 2346 885 2379 19
920 2343 1194 2380 Sententiarum
1223 2345 1359 2391 sylloye
1389 2345 1431 2380 in
1467 2345 1544 2381 cod.
1572 2346 1890 2382 Ashur-mahummet·

127 2402 219 2428 saec.
241 2391 308 2427 XI
327 2391 379 2426 in.
400 2390 547 2436 (Van-o:
574 2401 644 2437 ego
664 2418 673 2427 .
696 2418 703 2426 .
725 2418 732 2426 .
753 2390 892 2438 devito)
900 2405 914 2435 ;
938 2391 985 2435 cf.
1009 2391 1099 2428 Gen.
1119 2392 1148 2428 I
1162 2395 1256 2436 10,4
1275 2409 1320 2422 =
1343 2393 1463 2430 Macr.
1484 2394 1513 2428 Ι
1526 2395 1599 2437 5,2
1615 2397 1649 2430 et
1667 2405 1698 2430 v.
1720 2394 1888 2430 Reitzen-

128 2439 223 2475 stein
250 2438 323 2475 ‘M.
342 2439 419 2475 Ter.
442 2439 559 2476 Varro
578 2451 614 2475 u.
634 2438 717 2476 Joh.
732 2450 802 2475 von
821 2439 955 2475 Euchst
971 2450 1011 2484 p.
1029 2442 1075 2475 64
1095 2440 1182 2476 adm.
1209 2441 1220 2486 ss
1246 2443 1288 2475 21
1317 2439 1414 2476 Serv.
1441 2441 1483 2477 in
1505 2440 1634 2488 Geor-9.
1655 2442 1684 2477 Ι
1698 2443 1769 2478 186
1793 2443 1889 2487 (cur-

130 2485 227 2522 culio
255 2514 262 2522 .
284 2515 290 2521 .
313 2514 321 2522 .
347 2486 492 2533 guttur)
511 2504 558 2517 =
576 2487 683 2524 schol.
704 2487 817 2523 Bern.
842 2486 1023 2533 (curculio
1051 2515 1058 2522 .
1081 2517 1087 2523 .
1110 2514 1118 2522 .
1145 2487 1334 2534 gurgulio,
1357 2498 1477 2534 genus
1503 2487 1647 2524 bestiae
1670 2500 1768 2534 quae
1793 2500 1886 2525 sem-

129 2544 198 2580 per
222 2534 370 2579 quaerit
394 2533 561 2570 alienum
586 2534 711 2570 cibum
738 2535 805 2582 [sic
828 2536 1052 2571 correximus
1076 2536 1154 2572 coll.
1182 2536 1240 2572 Pl.
1266 2536 1367 2573 Pers.
1395 2539 1452 2573 58.
1481 2536 1586 2583 Gapt.
1602 2539 1667 2573 77·
1695 2536 1889 2580 auxilium,

130 2582 197 2618 ubi
220 2581 271 2616 ali
302 2581 559 2630 m>en<t>um
584 2583 651 2619 del.
679 2581 862 2618 auxilium
890 2583 1055 2627 Vsener);
1084 2585 1130 2627 cf.
1158 2584 1266 2620 schol.
1299 2585 1342 2619 in
1366 2585 1468 2621 Pers.
1494 2585 1561 2620 IV
1581 2587 1652 2629 38;
1682 2586 1774 2621 Isid.
1803 2586 1895 2621 XII

131 2631 245 2673 8,17;
307 2629 350 2666 G.
376 2641 404 2666 s.
431 2629 606 2675 gurgulio
630 2631 642 2676 ΙΙ
668 2633 713 2666 23
738 2631 838 2667 Non.
865 2633 988 2675 450,6
1013 2630 1144 2676 (Varro
1172 2659 1180 2667 .
1202 2658 1210 2667 .
1231 2658 1239 2667 .
1267 2631 1376 2678 dixit)
1384 2646 1398 2676 ;
1421 2632 1467 2676 cf.
1495 2632 1538 2668 de
1564 2633 1586 2668 l.
1607 2634 1630 2668 l.
1646 2635 1888 2679 p.120,98q.

131 2681 165 2713 et
190 2679 235 2713 14
247 2687 298 2723 sq.
325 2677 446 2723 ibique
470 2677 557 2714 adm.
583 2682 617 2713 et
643 2680 793 2722 238,18
803 2689 876 2724 sqq.
912 2679 924 2724 ΙΙ
959 2682 1004 2713 24
1029 2679 1122 2715 Isid.
1149 2680 1177 2715 Ι
1196 2681 1258 2722 38,
1278 2683 1363 2725 Isq.
1398 2682 1524 2726 (prosa
1558 2681 1616 2716 est
1641 2706 1650 2716 .
1679 2708 1686 2715 .
1716 2710 1721 2716 .
1749 2680 1888 2726 produ-

132 2724 260 2761 cendo.
311 2723 380 2760 alii
412 2736 563 2770 prosam
598 2725 706 2761 aiunt
731 2725 873 2761 dictam
906 2725 954 2761 ab
980 2736 1023 2762 eo
1050 2725 1151 2771 qu‘od
1182 2726 1233 2762 sit
1262 2727 1418 2772 profusa
1442 2726 1502 2763 vel
1527 2727 1575 2763 ab
1602 2738 1645 2764 eo
1672 2728 1773 2773 quod
1804 2739 1888 2774 spa-

131 2771 266 2808 tiosius
296 2774 453 2818 proruat
483 2774 523 2808 et
552 2775 725 2809 excurrat
754 2773 858 2809 nullo
890 2773 964 2809 sibi
995 2774 1155 2810 termino
1187 2774 1398 2820 praefinito.
1448 2777 1646 2821 praeterea
1670 2786 1782 2821 prosa
1808 2804 1816 2811 .
1844 2803 1852 2812 .
1880 2804 1887 2811 .

131 2819 420 2866 contenderunt)
445 2824 479 2856 et
508 2820 585 2857 ΤΘ.
610 2831 638 2857 s.
667 2832 696 2856 v.
729 2822 802 2866 (est
831 2821 1017 2867 producta
1049 2822 1186 2858 oratio:
1222 2833 1374 2868 prosum
1409 2823 1558 2869 antiqui
1592 2823 1817 2869 productum
1851 2826 1890 2859 et

131 2869 275 2903 rectum
301 2867 490 2911 dicebant,
516 2868 616 2903 unde
635 2868 754 2904 Varro
782 2868 1066 2914 ‘prosis-lectis’
1094 2870 1235 2915 posuit)

252 3002 273 3033 2
299 3000 388 3034 sunt
411 2999 577 3053 quinque
608 2999 663 3035 vel
692 2999 859 3046 quinque
891 3001 903 3046 ΙΙ
938 3004 959 3035 ὃ
985 3000 1212 3055 primigenia
1242 3001 1297 3037 vel
1327 3001 1562 3047 primogenia
1598 3003 1609 3047 ΙΙ
1648 3005 1667 3037 7
1695 3001 1840 3046 aliquid
1866 3013 1889 3037 a

132 3045 298 3082 naturali
322 3047 376 3083 vel
401 3046 562 3095 aliquilll
581 3046 755 3084 naturale
782 3048 787 3095 Ι
813 3048 883 3083 secl
902 3048 990 3084 Keil
1011 3047 1016 3094 Ι
1039 3047 1293 3084 denuatiuum
1318 3050 1372 3085 vel
1396 3049 1608 3084 deriuatum
1633 3050 1645 3094 fl
1672 3052 1715 3085 10
1741 3049 1802 3086 hic
1827 3049 1888 3085 hic

133 3094 187 3130 vel
210 3093 272 3129 hic
296 3093 369 3130 hac
393 3095 404 3140 ΙΙ
431 3099 473 3130 11
501 3094 642 3140 quique
666 3095 720 3131 vel
743 3094 906 3140 quicque
930 3097 942 3141 ΙΙ
968 3098 1012 3130 23
1038 3095 1195 3143 gannire
1219 3097 1275 3132 vel
1299 3096 1441 3142 garrire
