2144 3340
774 160 1144 199 PROLEGOMENA
1720 156 1841 193 XXXI

202 274 244 319 4.
275 274 366 318 cod.
399 273 622 317 Parisinus
667 271 784 315 7489
828 270 877 329 (a
914 268 1153 328 Spengelii)
1197 268 1359 313 saeculi
1390 267 1484 312 XV.
1557 265 1754 311 Contulit
1797 267 1842 309 in

84 360 210 392 usum
243 343 466 402 Spengelii
498 343 744 400 Donndorf3
775 342 1110 399 discrepantiam
1141 340 1341 384 lectionis
1368 338 1582 397 Spengel¹
1615 338 1843 395 proposuit

83 418 126 477 p.
150 416 389 463 659—‘118
415 431 502 459 una
520 430 618 459 cum
639 415 854 472 scriptura
874 416 1114 458 ceterorum
1135 412 1331 456 codicum
1350 411 1646 455 Parisinorum
1667 409 1711 469 (b
1730 413 1775 453 et
1792 408 1842 468 c).

203 487 243 532 5.
275 487 465 532 eiusdem
503 487 625 531 cuius
663 486 832 530 codices
873 485 988 529 1—4
1020 485 1168 542 stirpis
1206 484 1292 528 duo
1323 483 1482 539 reliqui
1512 485 1615 526 sunt
1645 481 1845 537 Parisini,

84 560 166 605 etsi
208 561 254 604 in
297 558 446 603 multis
489 558 670 615 distant,
714 558 881 601 excussi
921 556 976 600 ab
1018 557 1167 600 eodem
1207 555 1454 611 Donndorf,
1493 554 1585 598 cod.
1621 553 1844 597 Parisinus

85 631 203 676 6142
235 630 279 690 (b
299 629 552 688 Spengelii),
583 631 743 674 saeculi
762 629 857 686 XV,
888 629 964 686 qui
995 628 1154 672 desinit
1180 628 1226 672 in
1245 626 1353 671 VIII
1374 627 1397 670 7
1426 626 1775 682 (declinarentur)
1802 628 1846 667 et

205 703 244 748 6.
277 703 367 747 cod.
405 702 629 747 Parisinus
673 701 788 745 7535
821 700 861 759 (c
892 699 1144 759 Spengelii),
1190 699 1350 744 saeculi
1387 698 1510 750 XVI,
1554 699 1845 756 fragmentum

85 775 312 820 continens
353 790 378 818 a
421 774 564 831 quinti
606 773 709 818 libri
751 773 878 817 initio
923 772 976 816 ad
1009 773 1199 816 eiusdem
1232 775 1259 827 ξ
1289 771 1374 815 122
1406 770 1591 826 (dictae).
1654 769 1846 824 Accedit,

85 845 298 904 siquidem
331 849 446 890 recte
476 845 684 890 iudicavit
714 845 897 889 Mueller
926 845 1059 902 praef.
1091 860 1132 902 p.
1151 843 1271 901 XIV,

207 918 245 961 7.
278 918 368 962 cod.
400 916 716 961 Ambrosianus
748 916 856 974 (Sor.
884 915 978 975 71),
1022 916 1127 960 olim
1165 915 1424 960 Hannibalis
1464 914 1654 969 Comeri,
1688 913 1846 956 ‘recen-

86 991 198 1034 tiore
228 990 439 1047 tempore'
472 987 598 1047 (saec.
623 987 776 1047 XVI‘?)
809 991 1025 1044 exaratus,
1064 987 1249 1031 similior
1278 987 1464 1031 Parisini
1496 1002 1534 1031 a.
1598 985 1660 1029 Cf.
1693 984 1847 1028 Blume

85 1061 175 1107 Iter
203 1061 299 1106 Ital.
333 1061 551 1119 Supplem.
585 1077 625 1118 p.
653 1061 692 1104 8.
724 1086 783 1092 —
814 1060 896 1103 His
929 1060 1148 1103 addendus
1181 1074 1308 1116 quem
1335 1059 1519 1103 Mueller
1550 1072 1647 1102 cum
1673 1056 1847 1110 Blumio

87 1133 139 1178 It.
170 1132 266 1177 Ital.
299 1133 449 1190 Suppl.
481 1149 522 1190 p.
551 1133 637 1177 155
671 1132 1034 1184 commemoravit,
1066 1131 1323 1175 Antonibon
1354 1131 1544 1175 excussit

208 1206 247 1249 8.
279 1206 370 1249 cod.
396 1205 672 1261 Barberinus,
702 1219 882 1248 numero
908 1203 1028 1247 2160
1059 1205 1267 1261 signatus,
1300 1203 1460 1246 saeculi
1484 1202 1579 1245 XV.
1631 1200 1849 1244 Cf.Cana1

88 1278 221 1335 praef.
245 1292 287 1334 p.
312 1276 446 1329 XXX,
478 1275 664 1334 Spengel
695 1274 848 1334 praef?
870 1291 912 1333 p.
932 1274 1049 1332 XIII,
1080 1274 1334 1319 Antonibon
1365 1290 1406 1332 p.
1430 1274 1498 1331 19,
1530 1274 1605 1330 qui
1636 1274 1848 1316 librorum

88 1348 141 1392 V.
168 1347 243 1392 VI.
269 1347 355 1391 VH
386 1349 623 1404 scripturae
656 1348 988 1404 discrepantiam
1020 1346 1187 1404 publici
1218 1347 1325 1389 iuris
1349 1347 1464 1389 fecit.
1515 1346 1695 1388 Accedit
1719 1359 1848 1401 porro

210 1420 250 1463 9.
283 1420 374 1463 cod.
408 1419 636 1463 Chisianus
668 1419 715 1478 (α
748 1418 919 1463 Canalis
949 1434 990 1475 p.
1016 1417 1178 1477 XXX);
1215 1419 1268 1462 cf.
1300 1417 1484 1462 Mueller
1514 1418 1646 1475 praef.
1677 1432 1718 1474 p.
1744 1415 1850 1459 XIII

89 1495 132 1536 et
162 1491 280 1548 XIV,
312 1490 524 1549 Spengel'
553 1507 595 1549 p.
620 1489 741 1545 XIII,
771 1490 1028 1534 Antonibon
1057 1506 1099 1547 p.
1128 1490 1183 1534 19
1198 1505 1273 1548 sq.,
1318 1491 1392 1546 qui
1423 1489 1636 1533 librorum
1667 1487 1775 1532 VIII
1807 1491 1850 1531 et

88 1562 151 1608 IX
182 1563 515 1620 discrepantiam
547 1563 733 1606 exhibet.

211 1635 425 1679 Secuntur
457 1637 543 1678 tres
573 1635 676 1678 libri
707 1635 819 1678 inter
851 1650 895 1678 se
927 1635 1140 1678 simillimi
1170 1635 1334 1691 pariter
1369 1637 1412 1677 et
1443 1633 1496 1676 ab
1528 1634 1616 1677 illis
1649 1647 1757 1690 quos
1790 1634 1851 1676 at-

15 1752 22 1761 ,
90 1708 270 1751 tulimus
302 1707 594 1764 discrepantes
626 1710 669 1751 et
701 1707 753 1749 ab
786 1707 848 1750 eis
881 1721 990 1763 quos
1020 1721 1123 1750 mox
1154 1706 1520 1762 enumerabimus,
1558 1720 1743 1762 quorum
1777 1704 1850 1760 qui

90 1780 220 1823 tertio
252 1779 348 1822 loco
379 1781 568 1836 ponetur
596 1793 713 1822 nunc
744 1781 811 1822 est
842 1778 1101 1835 deperditus,
1133 1777 1301 1822 scilicet
1330 1778 1395 1821 hi:

213 1851 280 1895 10.
313 1851 404 1894 cod.
435 1850 788 1894 Vindobonensis
819 1849 965 1893 LXIII
1006 1848 1076 1908 (V
1101 1848 1360 1908 Spengelii),
1402 1849 1563 1892 saeculi
1594 1848 1678 1892 XV
1722 1847 1851 1906 (teste

91 1922 352 1967 Endlichero
397 1922 443 1965 in
486 1921 722 1980 catalogo),
766 1924 949 1966 collatus
993 1937 1029 1965 a.
1071 1921 1186 1965 1835
1230 1937 1256 1964 a
1300 1921 1531 1979 Spengelio
1577 1919 1648 1978 (cf.
1693 1918 1854 1977 praef.⁸

90 2010 132 2052 p.
157 1993 296 2051 VIII),
329 2008 456 2051 quem
490 1994 535 2036 in
561 1992 789 2038 Germania
820 1994 1028 2051 scriptum
1060 2008 1152 2037 esse
1178 2009 1230 2038 ex
1256 1993 1514 2051 glossemate
1540 1991 1626 2035 VH
1645 1991 1702 2035 85
1728 1992 1851 2035 illato

93 2064 165 2123 (ab
208 2069 313 2108 num
355 2067 500 2108 omnia
542 2069 642 2109 sunt
685 2066 776 2109 eius
814 2065 877 2122 [et
919 2069 978 2109 est
1022 2066 1070 2108 in
1107 2065 1339 2109 Alemam‘a
1379 2065 1603 2120 imperium
1643 2064 1696 2107 ab
1742 2064 1854 2106 anti-

93 2138 293 2192 quissimo
323 2136 527 2193 tempore]
552 2152 585 2180 e.
613 2152 652 2193 q.
679 2136 731 2195 s,)
764 2137 1051 2180 incertissima
1076 2136 1298 2194 Spengelii
1329 2139 1395 2179 est
1426 2136 1683 2179 coniectura.
1735 2133 1852 2178 Cete-

92 2223 189 2252 rum
221 2209 352 2252 etiam
382 2208 479 2251 aliis
510 2208 919 2265 interpolationibus
949 2208 1066 2251 hunc
1096 2208 1256 2251 librum
1281 2208 1478 2251 laborare
1503 2207 1617 2250 idem
1643 2204 1854 2264 Spengel²

92 2295 134 2337 p.
159 2279 275 2336 qu.
308 2279 466 2323 docuit.
527 2279 875 2337 Discrepantiam
906 2280 1121 2336 potiorem
1155 2279 1202 2323 in
1233 2281 1443 2336 apparatu
1479 2279 1629 2335 posuit
1659 2277 1853 2322 Andreas

94 2350 292 2408 Spengel.
639 2379 643 2382 -

218 2424 285 2467 11.
312 2424 403 2467 cod.
429 2423 681 2467 Basiliensis
706 2423 741 2467 F
759 2423 822 2467 IV
846 2424 900 2466 13
926 2423 1161 2468 secundum
1180 2422 1439 2466 Haenelium
1463 2438 1504 2479 p.
1531 2422 1620 2466 542
1653 2420 1853 2480 (pSpen-

95 2493 230 2554 gelii),
261 2494 451 2538 adscitus
479 2509 505 2537 a
531 2494 762 2552 Spengelio
795 2510 908 2539 anno
944 2495 1058 2539 1838
1090 2493 1261 2552 (praef)¹
1292 2493 1498 2552 p.V111):
1532 2509 1660 2551 quem
1690 2493 1851 2537 librum

96 2567 176 2610 etsi
220 2567 490 2610 simillimum
522 2566 848 2611 Vindobonensi
893 2569 1038 2610 tamen
1082 2581 1136 2610 ex
1172 2567 1249 2610 illo
1287 2567 1622 2623 haudquaquam
1662 2580 1754 2609 esse
1784 2565 1853 2608 de-

96 2638 324 2694 scriptum,
366 2641 416 2682 ut
458 2653 512 2682 ne
555 2639 680 2683 illum
718 2639 893 2696 quidem
932 2654 984 2682 ex
1020 2639 1115 2694 hoc,
1154 2637 1344 2695 Spengel
1380 2636 1534 2695 praef.²¹
1564 2653 1605 2694 p.
1631 2637 1672 2680 X
1713 2638 1852 2680 evicit.

96 2708 264 2754 Horum
296 2710 491 2754 codicum
523 2711 621 2754 fons
652 2714 703 2754 ut
733 2711 951 2755 interdum
981 2711 1161 2768 propius
1193 2725 1323 2767 quam
1349 2709 1496 2765 ceteri,
1526 2711 1734 2765 quantum
1761 2709 1852 2764 qui-

98 2781 195 2825 dem
226 2782 321 2824 noti
352 2784 464 2838 sunt,
501 2797 528 2826 a
557 2782 810 2826 Florentino
842 2782 977 2839 abest,
1014 2782 1076 2826 ita
1105 2783 1285 2838 lacuniS,
1323 2782 1638 2835 additamentis,
1681 2795 1854 2835 corrup-

96 2852 208 2908 telis,
234 2852 491 2897 coniecturis
522 2855 702 2898 minime
732 2854 937 2898 immunis
967 2854 1063 2897 fuit.
1126 2852 1341 2910 Sequatur

221 2925 286 2968 12.
318 2925 408 2969 cod.
441 2925 647 2979 Turnebi,
691 2926 732 2970 h.
759 2941 793 2969 e.
838 2925 1058 2983 exemplar
1101 2925 1342 2969 adhibitum
1385 2940 1410 2967 a
1446 2924 1666 2980 Turnebo,
1710 2924 1853 2979 ‘quem

98 3009 254 3040 novam
284 2995 440 3040 horum
470 2997 681 3041 librorum
712 2997 945 3042 editionem
977 3012 1149 3054 parasse
1174 2999 1399 3053 postumae
1423 2999 1551 3039 notae
1576 2997 1741 3052 priores
1766 2998 1854 3037 tres

98 3066 233 3110 libros
277 3068 685 3124 comprehendentes
728 3084 755 3112 a
795 3069 887 3113 filio
919 3068 1151 3111 MDLXVI
1194 3069 1240 3111 in
1279 3068 1419 3111 lucem
1452 3068 1632 3110 emissae
1664 3066 1853 3120 docent'3
