2176 3386
815 121 960 159 LIBER
985 121 1018 158 V
1045 124 1231 158 115—181
1846 121 1902 164 37

142 231 307 291 ΜΘ]
332 233 476 290 qu<a>
493 247 518 277 e
536 232 680 276 culina
703 231 749 276 in
768 230 1024 275 lavatrinam
1046 245 1203 288 aquam
1221 231 1429 288 fundunt3
1453 234 1562 286 trua,
1582 230 1699 287 quod
1719 231 1906 274 travolat

144 318 197 349 ea
226 318 350 362 aqua.
412 304 467 347 ab
499 303 648 348 eodem
680 307 748 347 est
777 303 1043 360 appellatum
1074 303 1281 347 truleumx
1319 303 1459 346 simile
1491 302 1606 345 enim
1637 302 1791 360 figura,
1821 302 1904 345 nisi

145 375 263 433 quod
285 376 419 420 latius
444 379 523 432 est,
555 375 672 433 quod
703 375 893 432 concipit
923 389 1093 431 aquam,
1124 378 1168 418 et
1198 374 1315 432 quod
1340 374 1614 418 manubrium
1640 388 1791 417 cavum
1818 388 1904 416 non

144 449 212 492 est
240 447 325 491 nisi
350 447 395 491 in
419 448 587 492 vinario
613 447 765 491 truleo.
814 446 995 491 accessit
1018 446 1212 491 matellio
1238 462 1265 490 a
1288 447 1452 490 matula
1476 446 1618 490 dictus
1643 446 1707 504 [et
1731 445 1906 503 dictusJ,
1933 457 2001 490 119

108 540 127 567 ⁶
145 518 234 576 qui,
263 522 545 577 posteaquam
570 518 746 577 longius
771 534 797 562 a
826 519 969 576 figura
998 518 1187 562 matulae
1212 519 1421 575 discessit,
1452 521 1495 561 et
1521 519 1575 562 ab
1601 532 1714 574 aqua
1739 518 1905 574 aqualis

94 615 98 619 -
145 590 297 635 dictus.
358 606 434 635 vas
463 591 691 648 aquarium
722 593 881 635 vocant
910 590 1054 645 futim,
1085 590 1202 647 quod
1238 590 1285 634 in
1321 590 1511 634 triclinio
1543 590 1718 633 allatam
1749 604 1905 645 aquam

145 662 449 720 infundebant3
481 678 567 720 quo
597 666 750 721 postea
781 662 961 706 accessit
983 662 1193 719 na[g]nus
1219 677 1316 706 cum
1348 676 1501 720 graeco
1533 662 1708 705 nomine
1740 664 1783 704 et
1808 675 1906 705 cum

145 734 282 779 latino
312 735 487 779 nomine
518 749 672 793 graeca
701 735 842 793 figura
871 734 1090 793 barbatus.
1152 734 1290 790 pelvis
1321 733 1570 790 pede<l>nis
1602 749 1628 776 a
1658 733 1815 790 pedum
1849 732 1909 775 la-

145 807 330 851 vatione.
392 806 694 850 candelabrum
728 822 755 850 a
785 806 979 850 candela:
1018 821 1072 850 ex
1103 805 1172 849 his
1203 807 1319 849 enim
1355 805 1539 849 funiculi
1569 805 1767 848 ardentes
1805 805 1908 862 fige·

91 899 127 927 1ο
146 878 315 922 bantur.
375 878 552 923 lucerna
581 882 683 936 post
712 878 907 935 inventa,
943 892 1053 934 quae
1083 877 1200 922 dicta
1231 893 1256 921 a
1286 879 1383 922 luce
1415 880 1491 921 aut
1522 878 1639 935 quod
1676 877 1722 920 id
1751 879 1909 920 vocant

146 950 314 1007 λύχνον
340 949 503 995 Graeci.
552 965 656 995 vasa
685 951 731 993 in
764 965 912 993 mensa
941 950 1120 994 escaria:
1151 950 1229 993 ubi
1259 951 1428 1007 pultem
1459 952 1535 993 aut
1565 949 1772 992 iurulenti
1804 948 1909 1004 quid
1937 961 2004 993 120

145 1021 383 1078 ponebant,
423 1036 449 1065 a
486 1022 693 1078 capiendo
732 1022 923 1066 catinum
960 1021 1261 1078 nominarunt,
1304 1022 1389 1066 nisi
1430 1022 1546 1078 quod
1584 1020 1721 1064 Siculi
1761 1021 1911 1063 dicunt

145 1094 329 1138 κάτινον
359 1094 435 1137 ubi
467 1109 563 1137 assa
594 1094 832 1151 ponebant3
865 1094 1083 1151 magidam
1116 1096 1192 1137 aut
1221 1095 1443 1152 langulam
1474 1094 1659 1136 alterum
1690 1108 1715 1135 a
1746 1093 1910 1149 magni-

144 1165 295 1209 tudine
325 1166 505 1209 alterum
541 1181 566 1208 a
596 1166 828 1209 latitudine
864 1166 1094 1209 finxerunt.
1156 1169 1336 1222 patenas
1367 1181 1392 1208 a
1422 1165 1573 1222 patulo
1605 1165 1827 1221 dixerunt,
1860 1168 1911 1207 ut

93 1258 126 1286 η
146 1237 348 1294 pusillas,
379 1238 496 1294 quod
525 1237 595 1280 his
624 1237 814 1281 libarent
844 1252 1010 1292 cenam,
1047 1237 1243 1294 patellas.
1304 1237 1467 1294 tryblia
1497 1240 1542 1280 et
1572 1237 1762 1281 canistra
1793 1237 1910 1293 quod

146 1311 305 1366 putant
321 1309 501 1365 (Funai.
517 1324 559 1364 p.
573 1309 677 1367 117)
696 1323 789 1353 esse
808 1309 956 1365 latina,
978 1312 1080 1353 sunt
1101 1323 1271 1367 graeca:
1296 1310 1513 1367 τρύβλιον
1532 1309 1645 1352 enim
1671 1311 1716 1352 et
1739 1314 1911 1352 κανοῦν

147 1380 463 1437 d<i>c<untur>
493 1395 656 1438 graece.
717 1381 885 1437 reliqua
916 1381 1033 1438 quod
1063 1384 1214 1438 aperta
1244 1384 1346 1425 sunt
1376 1381 1490 1424 unde
1521 1381 1609 1424 sint
1638 1380 1850 1436 relinquo.

266 1452 336 1497 26.
368 1467 517 1496 mensa
538 1452 705 1496 vinaria
728 1453 916 1496 rotunda
938 1453 1246 1497 nominabatur
1272 1453 1540 1510 cilibantum,
1565 1455 1615 1495 ut
1640 1453 1770 1495 etiam
1794 1467 1910 1495 nunc
1937 1466 2003 1499 121

148 1524 194 1567 in
232 1524 395 1568 castris.
456 1524 502 1568 id
532 1523 706 1568 videtur
743 1524 1006 1568 declinatum
1038 1540 1063 1568 a
1094 1539 1249 1582 graeco
1280 1525 1488 1581 †ciliceo,
1528 1539 1554 1567 a
1583 1524 1741 1581 poculo
1774 1524 1910 1581 cylice

266 1695 290 1727 4
318 1691 374 1735 Of.
400 1691 498 1727 Fest.
524 1691 642 1727 Pauli
666 1693 752 1735 126,
772 1693 796 1727 3
821 1690 1006 1737 (matellio
1036 1691 1311 1727 deminutivum
1343 1702 1367 1728 a
1396 1691 1556 1738 matula)
1594 1693 1605 1738 ΙΙ
1644 1695 1665 1727 5
1693 1691 1750 1736 cf.
1779 1692 1860 1729 GL.
1887 1693 1916 1728 I

147 1741 233 1783 118,
246 1741 296 1775 30
320 1738 488 1785 (aquales
509 1766 517 1774 .
539 1766 548 1774 .
570 1766 578 1774 .
598 1738 710 1774 huius
737 1739 864 1775 autem
889 1739 1101 1785 principale
1127 1750 1264 1776 nomen
1289 1741 1348 1776 est
1372 1742 1485 1786 aqua)
1511 1741 1523 1786 ΙΙ
1548 1744 1569 1775 6
1598 1740 1654 1784 Of.
1674 1740 1773 1777 Fest.
1793 1741 1912 1776 Pauli

147 1789 211 1831 89,
230 1789 254 1822 4
261 1800 275 1831 ;
311 1786 409 1824 Serv.
436 1787 478 1823 in
496 1787 591 1823 Aen.
612 1787 683 1823 XI
702 1789 776 1824 339
801 1804 846 1817 =
872 1787 979 1824 Lact.
999 1788 1103 1824 Plac.
1129 1789 1172 1824 in
1203 1788 1308 1824 Theb.
1336 1789 1444 1824 VIII
1461 1790 1557 1832 297,-
1592 1789 1693 1825 Don.
1719 1789 1762 1824 in
1788 1789 1909 1825 Andr.

149 1834 225 1871 HI
244 1837 279 1879 5,
300 1836 333 1870 3.
359 1835 508 1872 Phorm.
531 1835 567 1871 V
588 1838 620 1879 1,
640 1837 710 1879 19;
734 1835 935 1871 Pseudaor.
961 1836 1003 1871 in
1027 1836 1135 1872 A.P.
1160 1838 1234 1873 231
1243 1850 1257 1880 ;
1288 1836 1380 1872 Isid.
1408 1836 1451 1872 X
1474 1839 1565 1880 110,·
1594 1836 1673 1872 ΤΘ.
1699 1847 1727 1872 s.
1754 1835 1847 1872 futis
1877 1840 1911 1873 et

148 1880 296 1918 effutire
329 1883 342 1928 ΙΙ
377 1886 396 1918 7
410 1893 460 1929 sq.
489 1883 544 1927 Cf.
564 1882 663 1919 Fest.
685 1882 790 1927 177³,
810 1885 832 1918 5
853 1900 898 1912 =
918 1884 1029 1920 Paul.
1051 1887 1136 1928 176,
1157 1887 1179 1920 5
1213 1884 1292 1930 (ubi
1325 1883 1529 1920 barbatum
1553 1888 1587 1920 et
1619 1883 1746 1930 nani);
1777 1885 1809 1920 Τ
1809 1884 1854 1921 G.
1879 1895 1907 1920 ε.

147 1929 328 1966 bardatus
353 1931 365 1975 ΙΙ
390 1933 411 1966 8
439 1929 494 1974 Of.
522 1930 620 1966 Fest.
646 1931 765 1967 Pauli
786 1933 873 1975 247,
892 1934 936 1976 1,·
970 1931 1050 1968 ΤΘ.
1075 1943 1102 1968 s.
1130 1943 1161 1968 v.
1188 1932 1303 1978 (quod
1328 1932 1444 1978 pedes
1476 1931 1531 1967 ibi
1562 1931 1750 1978 lavantur)
1758 1946 1772 1976 ;
1801 1933 1908 1968 schol.

150 1979 188 2013 in
214 1978 296 2014 Iuv.
318 1979 393 2014 III
411 1980 487 2014 277
513 1977 566 2024 (in
591 1978 728 2023 quibus
753 1978 868 2024 pedes
893 1978 1025 2015 lavant
1051 2007 1058 2014 .
1081 2007 1088 2015 .
1111 2007 1118 2015 .
1144 1979 1420 2026 ποδάνιπτρα),·
1444 1980 1537 2016 Isid.
1565 1980 1648 2015 XX
1667 1983 1741 2024 6,8
1766 1981 1778 2026 ΙΙ
1805 1983 1824 2015 9
1853 1980 1910 2024 Cf.

149 2025 246 2062 Foet.
269 2025 387 2062 Pauli
410 2028 470 2070 46,
486 2028 508 2061 7
534 2025 649 2071 (quod
680 2026 720 2061 in
752 2037 795 2062 eo
828 2026 1008 2063 candelae
1038 2027 1216 2074 figantur)
1223 2042 1236 2072 ,·
1267 2027 1365 2064 Serv.
1392 2029 1434 2064 in
1459 2029 1552 2064 Aen.
1579 2029 1608 2063 I
1629 2031 1702 2063 727
1728 2029 1840 2074 (quae
1870 2027 1909 2063 in

149 2072 338 2119 capitibus
362 2072 518 2109 uncinos
543 2072 728 2109 haberent
751 2073 887 2119 quibus
913 2074 1019 2121 affigi
1044 2075 1217 2111 solebant
1234 2075 1294 2111 vel
1313 2075 1493 2111 candelae
1512 2074 1573 2110 vel
1597 2075 1718 2121 funes)
1743 2080 1777 2112 et
1794 2077 1911 2112 Varro

149 2132 218 2157 rer.
243 2121 341 2157 hum.
367 2121 470 2167 apud
494 2120 661 2158 Servium
685 2121 789 2157 Dan.
809 2122 950 2158 11225
984 2123 1040 2168 (ut
1073 2122 1114 2158 in
1139 2134 1212 2168 quo
1247 2122 1370 2170 figunt
1400 2122 1610 2165 candelam,
1643 2122 1911 2159 candelabrum

150 2168 360 2215 appellant)
380 2186 425 2198 =
448 2170 569 2205 Macr.
590 2170 666 2205 III
685 2172 719 2213 4,
738 2172 784 2214 2;
809 2170 901 2206 Isia.
923 2170 1006 2206 XX
1025 2174 1082 2215 10,
1101 2174 1189 2217 2sq.
1215 2174 1249 2207 et
1268 2174 1311 2215 5,·
1337 2171 1438 2207 Ptin.
1462 2171 1652 2207 XXXIV
1672 2174 1717 2206 11
1743 2173 1755 2216 ΙΙ
1782 2174 1825 2207 10
1853 2172 1908 2215 Cf.

150 2216 247 2253 Serv.
267 2217 309 2253 in
327 2217 421 2254 Aen.
441 2218 470 2252 Ι
484 2219 558 2252 726
577 2218 614 2263 (a
632 2216 771 2262 lychno
791 2218 915 2253 autem
936 2217 1088 2254 lucerna
1107 2218 1212 2254 dicta
1231 2220 1288 2255 est
1308 2248 1315 2254 .
1338 2247 1345 2254 .
1367 2247 1374 2254 .
1396 2219 1429 2254 si
1448 2219 1548 2254 enim
1569 2229 1591 2254 a
1609 2218 1692 2254 luce
1713 2219 1910 2262 diceretur,

95 2292 97 2295 .
150 2275 224 2300 non
256 2265 374 2301 staret
399 2266 537 2310 versus)
563 2282 608 2294 =
634 2265 740 2301 Lact.
768 2266 871 2302 Plac.
897 2266 939 2301 in
969 2266 1074 2302 leeb.
1101 2267 1130 2302 Ι
1149 2269 1242 2312 521,
1267 2267 1358 2303 Isia.
1386 2267 1468 2303 XX
1493 2270 1553 2310 10,
1571 2270 1597 2303 2
1627 2268 1638 2312 ΙΙ
1671 2271 1715 2302 12
1744 2267 1799 2311 Cf.
1831 2267 1908 2303 ΤΘ.

149 2319 177 2349 8.
204 2312 351 2348 catinus
376 2313 388 2358 ΙΙ
415 2316 459 2347 14
487 2311 543 2357 Cf.
569 2313 661 2349 Isid.
688 2313 771 2349 XX
794 2316 829 2358 4,
850 2317 906 2350 10.
932 2316 968 2358 8,
987 2316 1014 2350 2
1040 2314 1128 2359 (oris
1160 2314 1449 2361 patentioribus)
1475 2316 1486 2360 ΙΙ
1513 2318 1557 2349 15
1585 2314 1641 2359 Cf.
1667 2315 1766 2351 Fest.
1796 2315 1911 2351 Pauli

150 2362 210 2404 45,
224 2363 271 2397 19
295 2362 405 2406 (cana
431 2359 562 2396 dicunt
581 2359 725 2404 Graeci,
751 2372 819 2397 nos
845 2361 1008 2398 canistra
1033 2373 1061 2398 e.
1075 2374 1107 2408 q.
1121 2364 1186 2409 8.),-
1210 2363 1286 2399 TG.
1306 2374 1334 2399 s.
1356 2362 1562 2398 canistrum
1580 2363 1592 2408 ΙΙ
1618 2365 1662 2398 18
1685 2363 1740 2407 Of.
1761 2363 1788 2410 5
1807 2365 1880 2398 118
1900 2365 1911 2408 ΙΙ

151 2411 196 2443 19
223 2406 278 2453 Cf.
306 2408 427 2444 Macr.
455 2408 491 2444 V
509 2411 570 2452 21,
591 2411 638 2444 19
671 2408 852 2455 (κύλικος,
887 2409 986 2454 quod
1022 2409 1149 2456 poculi
1183 2421 1301 2458 genus
1335 2422 1403 2446 nos
1437 2422 1514 2446 una
1547 2410 1677 2446 littera
1710 2411 1910 2446 immutata

151 2454 307 2492 calicem
333 2455 506 2502 dicimus)
1821 2477 1824 2480 ⁴

273 2615 291 2646 1
318 2611 401 2658 true
426 2621 498 2656 que
524 2610 665 2647 culina:
691 2623 774 2649 corr
795 2613 885 2648 Mue
908 2614 913 2658 Ι
928 2617 1015 2658 post
1039 2615 1140 2658 aqua.
1164 2612 1328 2648 fundunt
1353 2625 1467 2660 usque
1491 2615 1542 2650 ad
1569 2615 1625 2650 VI
1648 2617 1694 2650 61
1720 2614 1804 2650 finit
1829 2626 1910 2650 cum

151 2658 299 2702 deficiat
322 2658 370 2702 F,
395 2670 488 2704 quae
518 2660 562 2695 de
585 2662 823 2705 quaternione
854 2671 954 2696 nunc
978 2661 1163 2706 deperdito
1188 2662 1365 2698 adhibitis
1395 2666 1430 2698 et
1453 2663 1677 2708 apoyraphis
1701 2663 1911 2699 melioribus

151 2710 185 2742 et
209 2705 272 2741 F*
296 2707 321 2742 i.
341 2717 371 2742 e.
397 2707 610 2743 lectionibus
643 2708 799 2744 editioni
831 2708 996 2753 principi
1026 2720 1050 2744 a
1082 2709 1192 2745 Petro
1224 2710 1384 2746 Victoria
1419 2714 1452 2746 et
1477 2710 1611 2746 Iacobo
1637 2711 1808 2746 Diacetio
1843 2710 1909 2746 ad-

150 2754 298 2800 scriptis
321 2754 435 2800 [(F')
461 2754 527 2790 ubi
550 2765 569 2790 e
591 2755 738 2791 silentio
762 2756 995 2802 testandum]
1018 2767 1100 2792 cum
1118 2757 1382 2802 probabilitate
1409 2758 1509 2803 effici
1526 2762 1686 2803 possunt
1715 2758 1908 2794 adnotavi-

151 2812 251 2838 mus:
282 2802 502 2855 acssaepius
528 2803 624 2838 inter
642 2803 770 2849 plures
793 2804 998 2849 empturas
1021 2805 1121 2850 optio
1144 2806 1386 2850 relinquenda
1410 2810 1489 2841 erat
1513 2806 1524 2850 ΙΙ
1556 2808 1577 2839 8
1603 2805 1795 2850 concipiat
1819 2806 1909 2851 <F')

153 2850 207 2886 vel
240 2849 407 2895 concipit
442 2851 454 2895 ΙΙ
492 2853 513 2884 4
548 2850 696 2886 uinaria
729 2850 861 2886 trulla:
903 2862 984 2887 corr
1011 2852 1133 2888 Christ
1158 2854 1164 2898 Ι
1191 2852 1381 2888 matiolio:
1419 2864 1501 2889 corr
1525 2853 1603 2889 Αἶά
1630 2855 1635 2897 Ι
1662 2854 1733 2889 secl
1762 2854 1865 2889 Tum
1898 2854 1909 2898 ΙΙ

154 2900 173 2932 ’1
194 2906 372 2943 magnus:
397 2907 479 2934 corr
493 2898 598 2934 Tum
616 2899 628 2943 ΙΙ
653 2901 674 2934 8
694 2899 771 2935 add
790 2898 875 2935 Scaz
899 2899 988 2935 duce
1001 2899 1078 2936 Ala
1102 2900 1113 2944 ΙΙ
1140 2903 1182 2935 11
1210 2899 1336 2936 licnon
1358 2902 1364 2944 Ι
1391 2900 1516 2947 pultes
1535 2900 1597 2935 F'
1619 2902 1630 2945 ΙΙ
1658 2903 1701 2935 18
1727 2900 1879 2936 catinon
1902 2903 1906 2947 Ι

153 2945 279 2980 autem
298 2945 353 2981 vel
377 2946 465 2989 aut;
488 2957 540 2982 an
564 2945 642 2981 ac?
666 2947 678 2992 ΙΙ
705 2950 749 2982 16
773 2945 906 2991 triplia
930 2947 942 2992 ss
970 2950 1013 2983 16
1038 2946 1194 2992 triplion
1217 2950 1221 2994 Ι
1244 2958 1435 2983 canunun:
1462 2948 1619 2994 com-Sp.
1639 2949 1651 2992 ΙΙ
1678 2952 1720 2983 17
1742 2949 1805 2984 de:
1831 2959 1909 2984 cor-

153 2993 315 3076 rffizimff
342 2994 347 3038 Ι
375 3003 503 3040 greca:
542 3004 625 3030 corr
656 2993 776 3030 canat
806 2995 818 3039 ΙΙ
854 2997 897 3029 18
923 3006 994 3030 an:
1025 2994 1156 3030 cilliba
1180 2995 1295 3031 ante?
1320 2998 1331 3041 ΙΙ
1359 2999 1401 3031 19
1428 2994 1599 3043 κυλικείῳ
1630 2996 1751 3040 Turn,
1783 2998 1845 3032 cui
1869 2995 1908 3030 id

154 3051 177 3074 a
303 3052 348 3076 ue
