2176 3386
314 111 402 154 204
664 111 984 154 RELIQVORVM
1009 111 1073 146 DE
1099 110 1424 146 GRAMMATIOA
1449 108 1701 146 LIBRORVM

1151 230 1214 273 III

317 314 370 356 57
406 313 483 371 (62
512 312 639 370 [36]).
683 314 922 356 faenerator
954 347 990 355 ..
1014 347 1051 355 ..
1083 328 1108 355 a
1137 313 1309 355 faenore
1340 316 1405 355 est
1433 313 1697 369 nominatus3
1733 313 1883 355 faenus
1913 315 2060 366 autem

530 384 692 427 dictum
720 419 757 427 ..
785 399 809 426 a
838 385 930 427 fetu
962 387 1005 426 εὴ
1036 375 1158 439 quasi
1191 399 1215 426 a
1239 383 1379 427 fetura
1407 384 1589 439 quadam
1616 384 1821 440 pecuniae
1851 384 2056 440 parientis

530 459 657 510 atque
695 455 982 498 increscentis.
1047 455 1204 498 idcirco
1237 458 1280 497 et
1316 454 1372 498 M.
1401 454 1604 497 Catonem
1638 458 1680 497 et
1711 457 1873 497 ceteros
1905 456 2056 498 aetatis

531 527 622 568 eius
659 527 942 569 feneratorem
980 526 1071 569 sine
1102 524 1143 567 A
1179 526 1322 568 littera
1359 526 1661 584 pronuntiasse
1697 526 1829 568 tradit
1867 524 2057 583 (Varro),
2093 541 2111 568 5

532 598 659 639 sicuti
689 597 802 639 fetus
834 598 925 653 ipse
957 600 999 640 et
1028 597 1266 640 fecunditas
1300 600 1523 653 appellata.
1661 599 1663 601 ’

319 669 375 711 58
409 667 484 726 (63
514 666 640 725 [37]).
685 671 914 724 utrumque
941 669 1140 711 mulieres
1167 671 1209 711 et
1235 670 1477 724 epicrocum
1497 669 1578 711 viri
1604 683 1773 723 quoque
1797 667 2057 711 habitarunt.

1167 798 1207 841 V

316 881 438 924 *²⁸59
472 881 548 939 (80
574 880 732 938 [322]).
783 885 825 924 et
862 882 908 924 in
940 882 1126 924 carmine
1163 885 1206 924 et
1237 882 1282 923 in
1307 881 1449 924 soluta
1480 882 1672 924 oratione
1705 896 1860 938 genera
1891 880 2057 924 dicendi

531 953 771 1007 probabilia
791 955 891 995 sunt
910 953 1003 1007 tria,
1029 967 1136 1008 quae
1157 952 1305 995 Graeci
1331 958 1605 1009 χαρακτῆρας
1623 955 1776 995 vocant
1799 952 2057 1008 nominaque
2076 970 2113 997 10

533 1023 594 1065 eis
626 1023 818 1066 fecerunt
855 1023 993 1080 ἁδρόν
1026 1025 1179 1079 ἰσχνόν
1209 1023 1362 1079 μέσον.·
1403 1038 1483 1066 nos
1516 1038 1685 1079 quoque
1717 1038 1843 1079 quem
1874 1023 2060 1079 primum

531 1095 752 1150 posuimus
784 1095 960 1137 uberem
991 1109 1214 1151 vocamus,
1253 1095 1482 1137 secundum
1513 1094 1732 1151 gracilem,
1769 1095 1945 1136 tertium
1962 1109 2061 1151 ,me-

532 1165 728 1208 diocrem.
774 1166 895 1208 uberi
927 1166 1112 1222 dignitas
1145 1169 1272 1221 atque
1303 1165 1540 1222 amplitudo
1573 1168 1649 1221 est,
1680 1165 1830 1223 gracili
1861 1154 2060 1208 venustas

535 1241 578 1279 εὴ
603 1236 831 1292 subtilitas,
862 1237 1027 1279 medius
1059 1237 1103 1278 in
1129 1237 1314 1279 confinio
1347 1240 1412 1279 est
1436 1237 1660 1292 utriusque
1691 1236 1809 1278 modi
1833 1236 2060 1292 particeps.

531 1309 599 1350 his
620 1308 801 1365 singulis
823 1309 1028 1351 orationis
1054 1308 1291 1351 virtutibus
1316 1308 1422 1351 vitia
1446 1311 1602 1364 agnata
1628 1310 1727 1350 sunt
1752 1308 1844 1363 pari
1868 1321 2060 1364 numero,
2079 1325 2114 1352 ιι

532 1394 641 1434 quae
673 1395 818 1422 earum
852 1380 1026 1422 modum
1053 1382 1096 1422 et
1121 1379 1316 1422 habitum
1349 1379 1587 1422 simulacris
1613 1379 1732 1422 falsis
1759 1378 2059 1422 ementiuntur.

533 1451 594 1493 sic
637 1451 888 1506 plerumque
932 1451 1093 1494 sufflati
1143 1453 1271 1506 atque
1314 1451 1467 1493 tumidi
1516 1451 1674 1493 fallunt
1722 1465 1800 1506 pro
1843 1449 2060 1505 uberibus,

533 1522 775 1578 squalentes
801 1525 844 1564 et
876 1522 1093 1564 ieiunidici
1124 1537 1202 1578 pro
1236 1522 1481 1579 gracilibus,
1513 1522 1665 1564 incerti
1692 1523 1734 1564 et
1758 1521 1950 1578 ambigui
1980 1534 2059 1576 pro

534 1593 831 1636 mediocribus.
884 1608 984 1635 vera
1016 1597 1157 1636 autem
1191 1596 1233 1635 εὴ
1262 1594 1438 1649 propria
1467 1593 1643 1636 huiusce
1680 1593 1796 1635 modi
1826 1592 2059 1635 formarum

535 1665 729 1720 exempla
765 1665 811 1707 in
847 1664 1001 1706 Latina
1038 1664 1185 1721 lingua
1221 1664 1275 1706 M.
1297 1664 1436 1706 Varro
1474 1679 1564 1706 esse
1602 1664 1706 1707 dicit
1745 1664 1952 1706 ubertatis
1983 1662 2061 1704 Pa·
2081 1683 2119 1709 πο

536 1736 720 1790 cuvium,
746 1736 999 1791 gracilitatis
1024 1734 1249 1791 Lucilium,
1280 1735 1589 1778 mediocritatis
1615 1735 1872 1777 Terentium.
1914 1734 1987 1776 sed
2013 1748 2063 1776 ea

537 1807 629 1860 ipsa
661 1821 816 1863 genera
857 1807 1024 1849 dicendi
1061 1806 1145 1848 iam
1185 1806 1421 1861 antiquitus
1461 1806 1619 1848 tradita
1656 1806 1708 1848 ab
1740 1805 1930 1848 Homero
1963 1806 2063 1847 sunt

533 1878 617 1920 tria
654 1878 699 1919 in
736 1862 892 1920 tribus:
934 1878 1210 1934 magnificum
1248 1877 1293 1919 in
1323 1876 1451 1920 Ulixe
1489 1880 1531 1919 et
1568 1877 1782 1930 ubertum,
1823 1876 1980 1919 subtile
2016 1876 2062 1918 in

533 1949 728 1991 Menelao
775 1951 818 1991 et
859 1949 1113 2000 cohibitum,
1156 1949 1339 1990 mixtum
1387 1948 1737 2003 moderatumque
1782 1948 1829 1990 in
1867 1946 2060 1990 Nestore.

534 2021 827 2063 animadversa
847 2020 994 2062 eadem
1020 2020 1237 2076 tripertita
1255 2020 1436 2061 varietas
1457 2022 1521 2061 est
1545 2019 1590 2061 in
1616 2019 1753 2061 tribus
1779 2018 2062 2074 philosophis,
2080 2037 2116 2065 η

443 2165 463 2195 2
493 2161 583 2197 Gen.
610 2161 717 2196 XVI
737 2163 795 2204 12,
811 2164 833 2196 7
860 2160 1086 2206 (faenerator
1111 2160 1221 2204 enim,
1248 2160 1358 2195 sicuti
1382 2159 1431 2195 M.
1446 2159 1563 2195 Varro
1595 2160 1632 2194 in
1658 2158 1753 2194 libro
1779 2159 1890 2194 tertio
1917 2158 1962 2193 de
1989 2170 2063 2193 ser-

320 2220 428 2243 mone
449 2208 581 2244 Latino
603 2208 764 2253 scripsit,
784 2220 806 2243 a
825 2208 975 2243 faenore
997 2236 1004 2242 .
1026 2235 1034 2243 .
1056 2235 1063 2242 .
1085 2207 1226 2242 dictum
1246 2207 1302 2242 ait
1326 2218 1348 2241 a
1372 2207 1452 2242 fetu
1473 2235 1481 2242 .
1503 2235 1509 2242 .
1533 2235 1540 2242 .
1561 2206 1765 2252 appellata)
1784 2211 1817 2242 et
1829 2207 1927 2242 Non.
1947 2208 2006 2249 54,
2018 2208 2063 2250 2;

322 2258 368 2301 cf.
396 2259 556 2300 118‚17;
582 2256 679 2292 Fest.
701 2257 818 2292 Pauli
843 2259 904 2299 86,
919 2259 939 2290 1
968 2255 1087 2301 (fenus
1114 2256 1152 2290 et
1177 2255 1405 2290 feneratores
1426 2282 1433 2289 .
1456 2282 1463 2290 .
1486 2282 1493 2289 .
1514 2266 1536 2289 a
1560 2254 1640 2289 fetu
1666 2253 1780 2298 dicta,
1804 2254 1905 2298 quod
1930 2252 2063 2288 crediti

321 2303 463 2338 nummi
491 2303 584 2338 alios
610 2303 774 2348 pariant)
800 2307 832 2339 et
858 2306 916 2346 94,
932 2307 974 2347 1;
1000 2303 1091 2339 Isid.
1118 2302 1159 2337 X
1177 2305 1224 2338 97
1248 2304 1259 2348 ΙΙ
1286 2306 1304 2337 7
1332 2303 1430 2337 Non.
1452 2304 1598 2345 318,26
1623 2301 1807 2347 (habitare
1834 2302 1890 2335 est
1914 2299 2063 2335 inhabi-

321 2353 413 2394 tare,
451 2351 600 2395 habere,
637 2351 705 2386 uti.
749 2350 867 2385 Varro
900 2361 1067 2386 sermone
1098 2349 1232 2385 Latino
1263 2349 1326 2384 lib.
1358 2349 1410 2384 ΠΙ
1444 2349 1657 2394 ‘utrumque
1684 2376 1691 2383 .
1714 2375 1721 2383 .
1744 2376 1750 2383 .
1777 2348 2026 2394 habitarunt’)
2051 2349 2064 2393 ΙΙ

322 2402 342 2434 9
366 2399 455 2435 Gen.
479 2399 538 2434 VI
551 2402 596 2434 14
616 2400 667 2444 (εὴ
692 2398 731 2432 in
751 2398 916 2433 carmine
937 2426 943 2433 .
967 2426 973 2432 .
996 2425 1003 2432 .
1025 2397 1158 2432 sobria.
1197 2408 1312 2431 unum
1331 2397 1506 2441 quodque
1525 2397 1649 2431 autem
1674 2407 1803 2442 genus,
1827 2396 1872 2430 ut
1890 2395 2065 2440 diximus,

322 2458 406 2481 cum
441 2447 542 2481 caste
577 2445 786 2490 pudiceque
821 2446 985 2488 ornatur,
1019 2445 1062 2480 fit
1095 2444 1290 2486 illustrius,
1325 2455 1408 2478 cum
1440 2444 1589 2479 fucatur
1614 2444 1725 2488 atque
1757 2442 1989 2488 praefinitur,
2020 2442 2064 2477 fit

322 2493 628 2539 praestigiosum)
637 2507 650 2536 ,·
675 2494 720 2536 cf.
746 2494 851 2528 schol.
879 2494 920 2528 iro
944 2494 1059 2528 Dion.
1079 2492 1163 2528 Thr.
1185 2503 1225 2537 p.
1246 2494 1391 2535 449,26
1414 2491 1537 2537 Ray„
1563 2491 1632 2534 al.;
1661 2491 1784 2537 Quint.
1811 2491 1904 2526 XII
1924 2493 1981 2534 10,
1995 2492 2062 2534 58,-

322 2541 463 2576 Fronto
479 2552 516 2585 p.
539 2544 596 2584 54,
610 2544 653 2576 11
669 2542 741 2584 N.‚-
765 2542 851 2576 rhet.
873 2541 918 2575 L.
940 2541 1027 2575 min.
1049 2551 1088 2585 p.
1110 2541 1191 2582 126,
1206 2543 1239 2574 1.
1265 2542 1350 2581 438,
1363 2542 1395 2573 9.
1423 2542 1507 2581 515,
1519 2541 1578 2574 27.
1605 2542 1687 2582 561,
1703 2541 1725 2573 7
1731 2538 1804 2582 H.;
1828 2538 1933 2574 schol.
1948 2538 2062 2573 Rern.

317 2600 358 2634 p.
381 2590 464 2631 742,
479 2591 526 2623 58
536 2589 608 2631 Η.,·
637 2588 715 2623 TG.
735 2599 762 2624 s.
785 2588 978 2623 character
1003 2592 1036 2623 et
1060 2586 1212 2632 gracilis
1220 2601 1233 2630 ‚·
1257 2598 1288 2622 v.
1310 2587 1413 2622 Rabe
1438 2586 1480 2622 de
1503 2587 1676 2631 leophr.
1698 2586 1801 2622 libris
1825 2585 1910 2629 περὶ
1936 2583 2064 2627 λέξεως

324 2637 497 2679 (Romnae
516 2647 550 2671 α.
573 2638 687 2680 1890)
701 2646 742 2680 p.
758 2639 802 2671 11
815 2647 883 2680 sq„
905 2636 1035 2671 Vsener
1055 2635 1076 2669 l.
1096 2646 1123 2670 s.
1144 2645 1171 2670 s.
1185 2645 1226 2679 p.
1242 2636 1315 2669 607
1321 2645 1390 2679 sq.,
1411 2634 1557 2680 Kayser
1575 2634 1619 2669 de
1635 2638 1700 2669 vet.
1721 2637 1799 2668 arte
1812 2637 1906 2677 poet.
1926 2635 2064 2678 quaest.

321 2684 382 2718 sel.
403 2694 442 2728 p.
465 2685 522 2718 63.
544 2686 592 2718 81
618 2685 628 2728 ΙΙ
656 2686 699 2717 18
713 2694 783 2728 sqq.
814 2683 868 2726 Cf.
890 2683 1032 2718 Fronto
1051 2693 1092 2727 p.
1112 2684 1183 2716 113
1208 2686 1297 2717 extr.
1318 2682 1367 2717 N.
1394 2682 1404 2726 ΙΙ
1431 2685 1475 2717 20
1488 2692 1560 2726 sqq.
1590 2681 1643 2725 Of.
1674 2681 1797 2727 Qm'nt.
1818 2680 1911 2715 XII
1925 2683 1983 2722 10,
1997 2682 2063 2722 64;

323 2732 464 2766 Auso‘n.
483 2732 579 2775 prof.
601 2731 758 2776 Burdiq.
780 2731 890 2766 XXI
905 2733 950 2766 16
961 2741 1032 2775 sqq.
1053 2733 1146 2775 qrat.
1168 2732 1234 2764 act.
1257 2729 1363 2764 VIII
1378 2732 1424 2763 19
1443 2733 1477 2764 et
1494 2730 1594 2773 epist.
1616 2729 1708 2763 XII
1722 2731 1769 2763 10
1780 2738 1831 2772 sq.
1846 2728 1889 2763 P.
1916 2728 1926 2772 ss
1953 2730 1997 2761 25
2010 2737 2061 2770 sq.

325 2778 379 2821 Of.
408 2778 548 2821 (Varro
572 2778 691 2823 apud)
721 2778 810 2813 Gen.
837 2778 966 2813 XVII
985 2780 1107 2820 21,48
1135 2779 1183 2820 (et
1210 2777 1329 2811 Macr.
1356 2777 1380 2811 1
1403 2779 1496 2819 5,14
1520 2787 1564 2811 eoe
1591 2775 1708 2811 Gellio
1733 2775 1787 2810 V1
1814 2777 1897 2819 14);
1922 2774 1993 2810 Cic.
2019 2773 2065 2808 de

323 2836 373 2860 or.
389 2826 440 2860 II
454 2828 533 2860 155.
558 2826 663 2860 Tusc.
674 2826 702 2859 I
706 2826 736 2861 V
749 2828 781 2860 5.
802 2825 918 2860 Acad.
928 2826 1045 2870 prior.
1060 2825 1112 2859 II
1120 2826 1201 2859 137.
1223 2823 1273 2858 ad
1285 2824 1360 2859 Att.
1376 2823 1466 2858 XII
1479 2825 1593 2866 23,2;
1612 2824 1711 2859 Plut.
1728 2822 1816 2858 Cato
1835 2823 1922 2857 mai.
1936 2820 2068 2856 XXII

325 2873 441 2915 (Ptin.
463 2873 546 2908 VII
562 2875 669 2917 112);
695 2873 840 2908 Aeliam.
861 2872 902 2907 V.
924 2873 974 2907 H.
1002 2872 1076 2907 III
1096 2874 1142 2906 17
1149 2885 1162 2914 ,·
1187 2870 1291 2906 Lact.
1318 2871 1401 2906 inst.
1425 2871 1460 2906 V
1475 2873 1567 2914 14,3

445 3008 486 3038 11
515 3003 711 3048 apponicx.
739 3004 806 3048 (vel
830 3002 919 3048 -ixc)
945 3013 1019 3037 non
1045 3013 1191 3037 mecon:
1218 3012 1298 3037 corr
1326 3001 1471 3037 Gronov
1493 3002 1498 3046 Ι
1520 3011 1586 3035 nos
1613 3010 1759 3045 quoque
1785 3001 1839 3036 vel
1862 3010 2003 3044 nosque
