2176 3386
307 116 393 158 300
987 115 1363 153 ADNOTATIONES

308 230 416 276 102;
441 229 488 277 ef.
510 230 625 267 etiam
643 229 735 267 Keil
756 228 843 268 GL.
872 228 963 267 VII
975 241 1019 277 p.
1041 230 1133 278 9sq.
1158 249 1218 256 -—
1244 228 1351 278 Quae
1376 229 1482 268 locus
1500 229 1721 279 parallelus
1740 228 1848 278 (GL.
1867 230 1960 270 VII
1970 229 2059 280 28)-

309 293 355 332 de
380 306 492 332 cume
527 294 657 342 forma
690 295 803 333 habet
827 294 948 332 dubia
972 306 1055 333 una
1080 305 1166 332 cum
1191 295 1269 333 loco
1295 305 1340 332 ex
1357 297 1474 342 parte
1498 296 1646 333 maiore
1671 295 1870 343 desperato
1894 291 2050 342 Numae

305 359 346 397 in
373 358 520 398 Saliari
546 360 718 398 carmine
744 360 810 397 vix
836 359 1058 397 dubitamus
1083 361 1178 407 quin
1202 360 1255 398 ad
1286 359 1502 398 Varronem
1524 359 1692 399 redeant.
1946 351 1951 358 ’

426 432 524 480 226,
546 431 599 469 15
614 442 667 479 sq.
700 429 768 468 Ad
791 432 1013 479 fraymenta
1041 432 1125 469 104
1138 441 1216 479 sqq.
1235 433 1327 479 post
1352 430 1657 469 Wilmannsium
1681 431 1730 479 cf.
1757 431 1901 471 Vsener
1925 431 1949 470 l.
1967 442 1998 470 s.
2017 443 2048 470 s.

298 507 341 544 p.
370 497 465 534 102.

425 562 524 610 227,
545 562 582 599 3.
626 560 685 610 Of.
716 560 907 600 Lehrsius
941 561 1087 599 Herod.
1121 571 1193 599 sor.
1229 560 1314 598 III
1333 572 1377 609 p.
1405 562 1503 606 437,
1538 560 1771 600 Ritschelius
1807 561 1945 610 Opusc.
1970 561 2056 600 III

299 639 340 675 p.
369 626 466 671 358,
511 627 625 675 Vliliy
651 623 858 665 ‘Festschr.
892 637 924 665 Ζ.
959 626 1115 664 Karlsr.
1141 622 1476 674 Philoloyenvers?
1504 638 1540 664 a.
1569 627 1685 664 1882
1710 638 1754 674 Ρ.
1782 627 1839 665 73
1873 629 1908 665 et
1930 626 2050 665 Dion.

307 692 399 730 Thr.
418 704 461 740 Ρ.
488 691 719 736 LXXVII,
754 691 898 730 Vsener
921 692 966 730 in
991 694 1061 729 act.
1088 702 1143 729 ac.
1163 691 1315 730 Bavar.
1342 703 1378 729 a.
1407 692 1521 729 1893
1539 703 1582 739 Ρ.
1613 692 1709 736 601,
1734 691 1784 729 al.

431 758 528 806 227,
551 758 617 795 19.
662 756 720 806 Cf.
749 759 910 806 praeter
935 756 1044 801 alios,
1076 756 1179 794 velut
1210 756 1405 805 Vhliyiwm
1431 757 1453 795 l.
1479 768 1510 795 s.
1535 768 1564 795 s.
1584 769 1628 805 p.
1654 757 1712 795 78
1739 759 1772 795 et
1795 755 2053 802 LXXVIII,

306 823 499 870 imprimis
533 822 677 861 Vsener
701 822 725 860 l.
752 834 782 860 s.
808 834 838 860 s.
857 834 900 870 p.
931 821 1015 860 598
1029 833 1126 869 sqq„
1151 823 1219 870 qwi
1244 822 1363 861 altero
1397 823 1611 861 testimonio
1637 822 1857 871 principali
1881 821 2054 862 adhibito

307 899 352 926 ex
368 890 486 935 parte
510 889 652 927 rectius
677 899 795 936 quam
827 887 1050 926 Wilsmanns
1074 886 1199 925 locwm
1224 888 1519 926 reconcinnavit.

427 959 525 1007 228,
547 960 583 998 8.
619 958 678 1007 Cf.
706 958 850 998 Vsener
868 958 1011 997 ibidem
1027 969 1072 1005 Ρ.
1095 958 1181 996 642
1199 957 1290 996 adn.
1313 959 1351 1002 3,
1378 959 1445 1006 qui
1471 969 1515 996 ex
1540 950 1712 996 hocloco
1738 968 1764 996 a
1790 957 2052 997 Wilmannsio

309 1025 449 1063 omisso
475 1024 763 1072 dispositionem
789 1023 880 1062 libri
912 1022 1153 1061 Varroniani
1176 1024 1403 1070 recuperari
1419 1033 1536 1071 posse
1559 1024 1718 1061 monuit.

428 1089 526 1138 228,
549 1089 614 1127 13.
650 1087 709 1136 Cf.
735 1088 838 1126 idem
862 1087 1014 1126 ibidem.

430 1155 528 1203 229,
550 1155 616 1192 12.
652 1153 711 1201 Of.
730 1152 878 1192 Schoell
897 1153 1004 1201 apud
1021 1152 1268 1192 Bertschium
1289 1149 1484 1191 ‘Cledonii
1509 1164 1577 1191 ars
1594 1147 1668 1201 qr?
1690 1152 1746 1192 ed.
1772 1164 1808 1191 a.
1831 1152 1946 1191 1884
1963 1164 2008 1202 Ρ.
2030 1154 2055 1191 1

307 1223 341 1259 et
364 1232 399 1259 v.
418 1222 510 1268 post
543 1219 849 1258 Wilsmannsium
881 1218 1025 1257 Vsener
1050 1218 1072 1255 l.
1098 1229 1128 1256 s.
1154 1228 1184 1256 s.
1203 1229 1246 1266 p.
1277 1218 1372 1257 626.

429 1286 526 1334 229,
551 1286 615 1323 14.
652 1284 710 1332 Cf.
745 1284 890 1323 Vsener
914 1283 1056 1322 ibidem
1074 1295 1117 1331 Ρ.
1146 1284 1242 1322 642.

427 1351 525 1399 229,
548 1350 614 1388 15.
649 1349 708 1397 Of.
744 1349 888 1388 Vsener
905 1360 949 1397 Ρ.
979 1349 1073 1387 624.
1103 1349 1186 1386 641
1200 1359 1254 1397 sq.

427 1416 525 1466 230,
548 1415 614 1453 16.
645 1414 739 1453 Non
763 1415 860 1453 satis
883 1413 1148 1462 intelleyimu&
1170 1425 1239 1452 cur
1257 1414 1329 1452 alii
1348 1424 1434 1452 cum
1445 1413 1651 1453 Ritsehelio
1668 1411 1805 1461 Opusc.
1819 1412 1904 1451 III
1908 1424 1952 1462 p.
1968 1413 2056 1451 380

306 1482 374 1519 hoe
397 1481 660 1529 fraymentwm
686 1480 784 1520 libro
809 1479 882 1518 IV
902 1480 948 1518 de
970 1480 1197 1528 qeometria,
1222 1478 1293 1517 abii
1309 1480 1444 1527 potius
1468 1478 1566 1518 libro
1594 1479 1631 1517 V
1653 1478 1699 1517 de
1724 1478 1963 1517 arithmetica
1987 1478 2055 1516 tri-

310 1547 481 1585 buerint:
505 1557 600 1584 nam
621 1547 851 1594 yeometrica
875 1546 978 1584 ratio
996 1546 1040 1583 in
1058 1547 1288 1582 transcursu
1307 1547 1635 1589 conmemoratwr,
1660 1545 1789 1592 ipsum
1804 1545 2056 1593 praeceptam

306 1613 506 1650 metricum
532 1613 586 1649 est
607 1610 843 1659 simpliciter.

430 1683 528 1731 230,
550 1683 617 1720 24.
657 1682 732 1720 Vix
751 1682 926 1720 dubitari
943 1683 1071 1730 potest
1087 1682 1182 1728 quin
1199 1681 1293 1719 haec
1311 1681 1365 1719 ad
1382 1680 1526 1718 librum
1552 1681 1598 1718 de
1619 1681 1878 1729 yramonatica
1896 1680 2057 1719 redeant

308 1759 395 1786 oum
411 1749 573 1796 propter
597 1747 714 1785 verba
731 1748 956 1795 praemissa
984 1745 1072 1785 GL.
1100 1745 1192 1785 VII
1210 1746 1310 1791 213,
1332 1748 1388 1784 10
1424 1741 1651 1799 (dicendum
1675 1746 1786 1796 prius
1812 1746 1872 1784 est
1896 1744 1944 1784 de
1969 1746 2056 1784 arte

308 1813 572 1864 grammatica
598 1824 698 1861 quae
725 1813 784 1850 est
808 1810 999 1850 videlicet
1024 1811 1134 1862 origo
1161 1812 1201 1849 et
1233 1810 1536 1850 fundamentum
1560 1810 1786 1849 liberalium
1809 1803 2054 1863 litterarum)

310 1881 391 1917 tum
408 1880 571 1927 propter
597 1878 719 1915 locum
737 1877 979 1926 parallelum
1000 1876 1088 1915 GL.
1108 1876 1140 1914 I
1155 1877 1252 1921 421,
1274 1878 1300 1914 4
1320 1877 1346 1915 i.
1367 1888 1397 1915 e.
1424 1887 1469 1915 ex
1493 1876 1584 1914 libri
1607 1877 1731 1921 initio,
1756 1887 1867 1923 quem
1890 1877 2057 1914 maxime

307 1944 402 1982 illuc
425 1944 596 1991 spectare
621 1943 899 1981 demonstravit
930 1942 1084 1981 Vsener.

431 2014 530 2063 231,
551 2014 588 2052 4.
625 2013 684 2063 Of.
709 2014 981 2063 Eyssenhardt
1003 2015 1048 2052 in
1064 2013 1197 2061 praef.
1223 2012 1402 2052 editionis
1425 2013 1549 2052 Mart.
1572 2012 1666 2061 Gap.
1685 2024 1728 2062 Ρ.
1753 2012 1857 2051 LII.

430 2080 528 2128 231,
549 2080 586 2117 6.
629 2079 691 2118 De
725 2080 842 2118 huius
867 2080 1068 2128 praecepti
1101 2079 1248 2127 oriqine
1281 2078 1536 2117 Varroniana
1560 2090 1606 2117 ex
1628 2079 1785 2117 nomine
1810 2077 1981 2116 Tremeli
2012 2077 2056 2115 in

310 2146 388 2184 loco
405 2145 601 2193 parallelo
627 2144 680 2193 (v.
706 2143 860 2193 testim.)
885 2144 1088 2192 firmanda
1112 2145 1160 2193 cf.
1186 2144 1370 2182 Heraeus
1393 2142 1510 2182 Arch.
1538 2143 1647 2182 XIV
1664 2155 1708 2193 p.
1736 2144 1832 2182 466.

430 2211 528 2259 233,
549 2212 586 2249 5.
627 2208 695 2248 Ad
719 2209 966 2261 primogenio.
999 2211 1169 2258 formam
1201 2210 1313 2247 iuatta
1346 2209 1587 2260 primigenia
1610 2209 1671 2247 hic
1705 2210 1900 2247 servatam
1924 2207 1972 2255 cf.
1997 2208 2058 2246 tw

308 2277 554 2325 scriptionem
590 2275 888 2314 Praenestinam
926 2271 1030 2313 ‘Not.
1068 2275 1105 2313 d.
1142 2270 1270 2314 scavi’
1309 2285 1345 2312 a.
1375 2275 1489 2312 1907
1508 2286 1550 2323 Ρ.
1581 2275 1667 2312 686
1699 2275 1734 2312 et
1768 2274 1812 2312 in
1834 2272 2057 2312 Schneideri

310 2340 514 2389 Exemplis
541 2341 658 2379 108⁶.

432 2412 530 2460 233,
552 2412 605 2450 19
617 2423 670 2459 sq.
706 2410 851 2450 Contra
863 2410 1214 2455 Reitzensteiniwm,
1241 2411 1309 2459 qui
1333 2410 1402 2448 hoo
1427 2421 1473 2448 eat·
1496 2409 1593 2448 lsibro
1619 2409 1787 2458 quodam
1801 2409 2058 2458 qrmnmauco

317 2477 508 2516 Varronis
532 2477 744 2521 derivabat,
771 2476 983 2516 Buecheler
1007 2476 1116 2524 apud
1139 2474 1397 2514 Funaioliwm
1420 2476 1569 2513 monuit
1593 2474 1725 2513 devito
1751 2486 1838 2513 cwm
1861 2475 2057 2522 infinitivo

308 2542 418 2581 illius
444 2553 523 2581 esse
546 2553 625 2580 non
642 2553 758 2590 posse
782 2553 851 2580 nec
867 2541 1025 2590 placere
1043 2540 1200 2586 dubito,
1223 2539 1327 2578 mide
1344 2540 1405 2578 hic
1428 2540 1529 2578 inter
1553 2540 1660 2589 falsa
1677 2539 1812 2587 posuit
1830 2534 2056 2577 ‘sententiis’

312 2608 495 2646 tribuens.
527 2605 583 2645 At
601 2619 688 2646 cwm
712 2607 879 2655 fortasse
903 2606 951 2644 de
971 2607 1061 2645 veto
1080 2605 1139 2645 vel
1164 2605 1258 2644 adeo
1278 2604 1324 2643 de
1349 2603 1488 2643 devoto
1515 2604 1718 2653 composito
1743 2604 1908 2651 coyitare
1924 2604 2058 2652 possis

310 2674 393 2710 twm
419 2673 534 2711 etiam
557 2674 600 2711 in
625 2673 784 2721 reliquis
808 2672 1038 2721 fraymentis
1059 2671 1326 2720 yrammatieis
1350 2669 1458 2707 haud
1480 2679 1617 2717 pauca
1642 2670 1801 2713 exstant,
1826 2679 1924 2717 quae
1956 2668 2056 2707 Var-

309 2739 418 2776 ronis
443 2737 596 2777 dicendi
620 2738 712 2776 usui
736 2739 895 2776 minime
920 2736 1193 2786 respondeant,
1219 2747 1306 2774 cam
1330 2737 1458 2773 tamen
1488 2736 1577 2783 ipsa
1601 2735 1788 2773 sententia
1813 2736 1848 2771 et
1871 2744 1917 2772 ea:
1939 2735 2058 2782 parte

310 2804 425 2841 etiam
455 2804 544 2851 ipsa
568 2803 687 2842 verba
714 2802 966 2841 Varroniana
995 2802 1075 2840 sint
1102 2801 1366 2840 nihilominus.
1410 2799 1654 2848 Quamquam
1677 2809 1760 2837 rem
1784 2798 1944 2838 dubiam
1977 2809 2059 2837 esse

308 2869 387 2916 ipsi
410 2869 591 2916 fatemur.

431 2939 530 2988 233,
551 2939 618 2977 23.
649 2938 738 2977 Hoc
762 2949 908 2986 quoque
937 2938 1200 2986 fragmentum
1224 2948 1312 2976 oum
1338 2937 1597 2976 Wilmannsio
1624 2934 1679 2983 (et
1700 2933 1931 2983 Funaiolio)
1956 2945 2057 2972 rece-

304 3005 453 3052 pimus,
481 3005 549 3042 etsi
567 3003 741 3042 dubitari
757 3004 895 3051 possit,
914 3005 1048 3041 utrum
1066 3023 1122 3029 -
1140 3004 1301 3051 propter
1319 3002 1438 3040 verba
1454 3013 1526 3052 por
1545 3000 1834 3039 antistoechum
1850 3019 1910 3027 —
1925 3010 2057 3049 yram·
