<?xml version="1.0" encoding="UTF-8"?>
<!DOCTYPE html PUBLIC "-//W3C//DTD XHTML 1.0 Transitional//EN"
    "http://www.w3.org/TR/xhtml1/DTD/xhtml1-transitional.dtd">
<html xmlns="http://www.w3.org/1999/xhtml" xml:lang="en" lang="en">
 <head>
  <title>
</title>
<meta http-equiv="Content-Type" content="text/html;charset=utf-8" />
  <meta name='ocr-system' content='tesseract 3.04.00' />
  <meta name='ocr-capabilities' content='ocr_page ocr_carea ocr_par ocr_line ocrx_word'/>
</head>
<body>
  <div class='ocr_page' id='page_1' title='image "./marcusdelingua00varruoft_0326.png"; bbox 0 0 2176 3386; ppageno 0'>
   <div class='ocr_carea' id='block_1_1' title="bbox 326 114 1385 158">
    <p class='ocr_par' dir='ltr' id='par_1_1' title="bbox 326 114 1385 158">
     <span class='ocr_line' id='line_1_1' title="bbox 326 114 1385 158; baseline 0.001 -8"><span class='ocrx_word' id='word_1_1' title='bbox 326 115 412 158; x_wconf 78' lang='grc'><strong><em>268</em></strong></span> <span class='ocrx_word' id='word_1_2' title='bbox 1006 114 1385 151; x_wconf 83' lang='lat' dir='ltr'>ADNOTATIONES</span> 
     </span>
    </p>
   </div>
   <div class='ocr_carea' id='block_1_2' title="bbox 445 226 2152 278">
    <p class='ocr_par' dir='ltr' id='par_1_2' title="bbox 445 226 2152 278">
     <span class='ocr_line' id='line_1_2' title="bbox 445 226 2152 278; baseline 0.003 -13"><span class='ocrx_word' id='word_1_3' title='bbox 445 228 513 276; x_wconf 99' lang='lat'>84,</span> <span class='ocrx_word' id='word_1_4' title='bbox 530 229 566 265; x_wconf 90' lang='grc'><strong><em>7.</em></strong></span> <span class='ocrx_word' id='word_1_5' title='bbox 600 227 705 278; x_wconf 85' lang='lat' dir='ltr'><strong><em>quod</em></strong></span> <span class='ocrx_word' id='word_1_6' title='bbox 725 241 771 266; x_wconf 85' lang='lat' dir='ltr'><strong><em>ex</em></strong></span> <span class='ocrx_word' id='word_1_7' title='bbox 791 239 860 266; x_wconf 84' lang='lat' dir='ltr'><strong><em>ore</em></strong></span> <span class='ocrx_word' id='word_1_8' title='bbox 882 228 1030 266; x_wconf 82' lang='lat' dir='ltr'><strong><em>elatum</em></strong></span> <span class='ocrx_word' id='word_1_9' title='bbox 1048 227 1221 277; x_wconf 86' lang='lat' dir='ltr'><strong><em>primum</em></strong></span> <span class='ocrx_word' id='word_1_10' title='bbox 1242 229 1302 266; x_wconf 87' lang='lat' dir='ltr'><strong><em>est</em></strong></span> <span class='ocrx_word' id='word_1_11' title='bbox 1321 239 1455 266; x_wconf 87' lang='lat' dir='ltr'><strong><em>osmen</em></strong></span> <span class='ocrx_word' id='word_1_12' title='bbox 1475 227 1623 267; x_wconf 76' lang='lat' dir='ltr'><strong><em>dictum</em></strong></span> <span class='ocrx_word' id='word_1_13' title='bbox 1644 228 1857 268; x_wconf 83' lang='lat' dir='ltr'><strong><em>Stowasser</em></strong></span> <span class='ocrx_word' id='word_1_14' title='bbox 1873 226 2068 270; x_wconf 61' lang='lat' dir='ltr'><strong><em>‘Jahresa</em></strong></span> <span class='ocrx_word' id='word_1_15' title='bbox 2149 226 2152 232; x_wconf 80' lang='grc'><strong>’</strong></span> 
     </span>
    </p>
   </div>
   <div class='ocr_carea' id='block_1_3' title="bbox 323 288 2074 675">
    <p class='ocr_par' dir='ltr' id='par_1_3' title="bbox 323 288 1960 346">
     <span class='ocr_line' id='line_1_3' title="bbox 323 288 1960 346; baseline 0.001 -15"><span class='ocrx_word' id='word_1_16' title='bbox 323 294 391 332; x_wconf 83' lang='lat' dir='ltr'><strong><em>des</em></strong></span> <span class='ocrx_word' id='word_1_17' title='bbox 415 290 894 343; x_wconf 64' lang='lat' dir='ltr'><strong><em>Franz-Joseph-Gymn?</em></strong></span> <span class='ocrx_word' id='word_1_18' title='bbox 923 305 958 332; x_wconf 89' lang='lat' dir='ltr'><strong><em>a.</em></strong></span> <span class='ocrx_word' id='word_1_19' title='bbox 988 288 1234 345; x_wconf 71' lang='lat' dir='ltr'><em>1889s1890</em></span> <span class='ocrx_word' id='word_1_20' title='bbox 1250 294 1296 341; x_wconf 86' lang='lat' dir='ltr'><strong><em>p.</em></strong></span> <span class='ocrx_word' id='word_1_21' title='bbox 1323 293 1410 331; x_wconf 91' lang='lat' dir='ltr'><strong><em>XX</em></strong></span> <span class='ocrx_word' id='word_1_22' title='bbox 1432 305 1519 332; x_wconf 84' lang='lat' dir='ltr'><strong><em>cum</em></strong></span> <span class='ocrx_word' id='word_1_23' title='bbox 1541 293 1608 342; x_wconf 79' lang='lat' dir='ltr'><strong><em>Sp.</em></strong></span> <span class='ocrx_word' id='word_1_24' title='bbox 1958 344 1960 346; x_wconf 21' lang='grc' dir='ltr'>Ι</span> 
     </span>
    </p>

    <p class='ocr_par' dir='ltr' id='par_1_4' title="bbox 324 356 2074 675">
     <span class='ocr_line' id='line_1_4' title="bbox 446 356 2074 415; baseline 0.001 -12"><span class='ocrx_word' id='word_1_25' title='bbox 446 365 514 413; x_wconf 86' lang='grc'><strong><em>84,</em></strong></span> <span class='ocrx_word' id='word_1_26' title='bbox 536 365 560 403; x_wconf 94' lang='lat'>8</span> <span class='ocrx_word' id='word_1_27' title='bbox 575 375 653 413; x_wconf 86' lang='lat' dir='ltr'><strong><em>sqq.</em></strong></span> <span class='ocrx_word' id='word_1_28' title='bbox 685 364 920 403; x_wconf 78' lang='lat' dir='ltr'><em>Incredibile</em></span> <span class='ocrx_word' id='word_1_29' title='bbox 938 376 1068 413; x_wconf 86' lang='lat' dir='ltr'><strong><em>paene</em></strong></span> <span class='ocrx_word' id='word_1_30' title='bbox 1091 364 1243 402; x_wconf 86' lang='lat' dir='ltr'><strong><em>videtur</em></strong></span> <span class='ocrx_word' id='word_1_31' title='bbox 1261 363 1352 403; x_wconf 87' lang='lat' dir='ltr'><strong><em>inde</em></strong></span> <span class='ocrx_word' id='word_1_32' title='bbox 1377 365 1426 403; x_wconf 94' lang='lat' dir='ltr'><strong><em>ab</em></strong></span> <span class='ocrx_word' id='word_1_33' title='bbox 1446 365 1575 410; x_wconf 88' lang='lat' dir='ltr'><strong><em>Italis,</em></strong></span> <span class='ocrx_word' id='word_1_34' title='bbox 1594 365 1730 411; x_wconf 78' lang='lat' dir='ltr'><strong><em>Laeto,</em></strong></span> <span class='ocrx_word' id='word_1_35' title='bbox 1749 365 1928 415; x_wconf 84' lang='lat' dir='ltr'><strong><em>Scioppio</em></strong></span> <span class='ocrx_word' id='word_1_36' title='bbox 1945 356 2074 415; x_wconf 67' lang='lat' dir='ltr'><strong><em>&#39;usque</em></strong></span> 
     </span>
     <span class='ocr_line' id='line_1_5' title="bbox 325 429 2073 478; baseline 0.001 -10"><span class='ocrx_word' id='word_1_37' title='bbox 325 430 378 468; x_wconf 85' lang='lat' dir='ltr'><strong><em>ad</em></strong></span> <span class='ocrx_word' id='word_1_38' title='bbox 402 429 625 478; x_wconf 76' lang='lat' dir='ltr'><strong><em>Spenyelios</em></strong></span> <span class='ocrx_word' id='word_1_39' title='bbox 650 431 822 478; x_wconf 84' lang='lat' dir='ltr'><strong><em>aliosque</em></strong></span> <span class='ocrx_word' id='word_1_40' title='bbox 852 430 934 477; x_wconf 79' lang='lat' dir='ltr'><strong><em>fere</em></strong></span> <span class='ocrx_word' id='word_1_41' title='bbox 949 441 1088 468; x_wconf 78' lang='lat' dir='ltr'><strong><em>omnes</em></strong></span> <span class='ocrx_word' id='word_1_42' title='bbox 1111 441 1192 468; x_wconf 92' lang='lat' dir='ltr'><strong><em>non</em></strong></span> <span class='ocrx_word' id='word_1_43' title='bbox 1217 432 1297 467; x_wconf 76' lang='lat' dir='ltr'><strong><em>tam</em></strong></span> <span class='ocrx_word' id='word_1_44' title='bbox 1321 429 1528 468; x_wconf 77' lang='lat' dir='ltr'><strong><em>credidisse</em></strong></span> <span class='ocrx_word' id='word_1_45' title='bbox 1560 430 1748 475; x_wconf 79' lang='lat' dir='ltr'><strong><em>Varroni,</em></strong></span> <span class='ocrx_word' id='word_1_46' title='bbox 1773 431 1841 470; x_wconf 90' lang='lat' dir='ltr'><strong><em>sed</em></strong></span> <span class='ocrx_word' id='word_1_47' title='bbox 1865 432 2073 471; x_wconf 75' lang='lat' dir='ltr'><strong><em>obtmsisse</em></strong></span> 
     </span>
     <span class='ocr_line' id='line_1_6' title="bbox 324 495 2072 540; baseline 0.001 -7"><span class='ocrx_word' id='word_1_48' title='bbox 324 496 585 534; x_wconf 77' lang='lat' dir='ltr'><strong><em>testimonium</em></strong></span> <span class='ocrx_word' id='word_1_49' title='bbox 620 507 700 533; x_wconf 90' lang='lat' dir='ltr'><strong><em>non</em></strong></span> <span class='ocrx_word' id='word_1_50' title='bbox 732 496 844 533; x_wconf 85' lang='lat' dir='ltr'><strong><em>modo</em></strong></span> <span class='ocrx_word' id='word_1_51' title='bbox 878 495 981 540; x_wconf 78' lang='lat' dir='ltr'><strong><em>olim,</em></strong></span> <span class='ocrx_word' id='word_1_52' title='bbox 1015 506 1150 533; x_wconf 84' lang='lat' dir='ltr'><strong><em>verum</em></strong></span> <span class='ocrx_word' id='word_1_53' title='bbox 1175 505 1250 533; x_wconf 87' lang='lat' dir='ltr'><strong><em>sua</em></strong></span> <span class='ocrx_word' id='word_1_54' title='bbox 1275 495 1390 533; x_wconf 87' lang='lat' dir='ltr'><strong><em>etiam</em></strong></span> <span class='ocrx_word' id='word_1_55' title='bbox 1414 497 1536 533; x_wconf 85' lang='lat' dir='ltr'><strong><em>aetate</em></strong></span> <span class='ocrx_word' id='word_1_56' title='bbox 1570 497 1764 535; x_wconf 88' lang='lat' dir='ltr'><strong><em>scaenicos</em></strong></span> <span class='ocrx_word' id='word_1_57' title='bbox 1797 498 2072 535; x_wconf 82' lang='lat' dir='ltr'><strong><em>osnamentum</em></strong></span> 
     </span>
     <span class='ocr_line' id='line_1_7' title="bbox 324 559 2074 611; baseline 0.001 -12"><span class='ocrx_word' id='word_1_58' title='bbox 324 561 477 600; x_wconf 76' lang='lat' dir='ltr'><strong><em>dix-isse.</em></strong></span> <span class='ocrx_word' id='word_1_59' title='bbox 509 559 587 599; x_wconf 84' lang='lat' dir='ltr'><strong><em>Sed</em></strong></span> <span class='ocrx_word' id='word_1_60' title='bbox 613 560 739 599; x_wconf 88' lang='lat' dir='ltr'><strong><em>Varro</em></strong></span> <span class='ocrx_word' id='word_1_61' title='bbox 760 561 829 599; x_wconf 87' lang='lat' dir='ltr'><strong><em>etsi</em></strong></span> <span class='ocrx_word' id='word_1_62' title='bbox 849 561 999 608; x_wconf 80' lang='lat' dir='ltr'><strong><em>formas</em></strong></span> <span class='ocrx_word' id='word_1_63' title='bbox 1017 561 1186 608; x_wconf 85' lang='lat' dir='ltr'><strong><em>priscas,</em></strong></span> <span class='ocrx_word' id='word_1_64' title='bbox 1205 562 1250 597; x_wconf 88' lang='lat' dir='ltr'><strong><em>ut</em></strong></span> <span class='ocrx_word' id='word_1_65' title='bbox 1267 571 1398 598; x_wconf 88' lang='lat' dir='ltr'><strong><em>omnes</em></strong></span> <span class='ocrx_word' id='word_1_66' title='bbox 1413 561 1569 609; x_wconf 77' lang='lat' dir='ltr'><strong><em>ylottici,</em></strong></span> <span class='ocrx_word' id='word_1_67' title='bbox 1588 561 1696 600; x_wconf 81' lang='lat' dir='ltr'><strong><em>haud</em></strong></span> <span class='ocrx_word' id='word_1_68' title='bbox 1712 573 1806 600; x_wconf 86' lang='lat' dir='ltr'><strong><em>raro</em></strong></span> <span class='ocrx_word' id='word_1_69' title='bbox 1826 573 1872 600; x_wconf 77' lang='lat' dir='ltr'><strong><em>ea:</em></strong></span> <span class='ocrx_word' id='word_1_70' title='bbox 1890 562 2074 611; x_wconf 74' lang='lat' dir='ltr'><strong><em>analoyia</em></strong></span> 
     </span>
     <span class='ocr_line' id='line_1_8' title="bbox 325 625 2072 675; baseline 0.001 -11"><span class='ocrx_word' id='word_1_71' title='bbox 325 638 442 675; x_wconf 90' lang='lat' dir='ltr'><strong><em>quam</em></strong></span> <span class='ocrx_word' id='word_1_72' title='bbox 467 627 603 664; x_wconf 83' lang='lat' dir='ltr'><strong><em>statuit</em></strong></span> <span class='ocrx_word' id='word_1_73' title='bbox 625 627 751 673; x_wconf 72' lang='lat' dir='ltr'><strong><em>finxit,</em></strong></span> <span class='ocrx_word' id='word_1_74' title='bbox 778 626 825 664; x_wconf 87' lang='lat' dir='ltr'><strong><em>dc</em></strong></span> <span class='ocrx_word' id='word_1_75' title='bbox 848 627 933 674; x_wconf 90' lang='lat' dir='ltr'><strong><em>ipso</em></strong></span> <span class='ocrx_word' id='word_1_76' title='bbox 958 636 1132 664; x_wconf 77' lang='lat' dir='ltr'><strong><em>sermone</em></strong></span> <span class='ocrx_word' id='word_1_77' title='bbox 1158 637 1258 674; x_wconf 90' lang='lat' dir='ltr'><strong><em>quae</em></strong></span> <span class='ocrx_word' id='word_1_78' title='bbox 1282 627 1442 663; x_wconf 79' lang='lat' dir='ltr'><strong><em>testatur</em></strong></span> <span class='ocrx_word' id='word_1_79' title='bbox 1466 625 1690 671; x_wconf 76' lang='lat' dir='ltr'><em>observavit,</em></span> <span class='ocrx_word' id='word_1_80' title='bbox 1715 638 1795 665; x_wconf 91' lang='lat' dir='ltr'><strong><em>non</em></strong></span> <span class='ocrx_word' id='word_1_81' title='bbox 1817 627 2072 675; x_wconf 75' lang='lat' dir='ltr'><strong><em>interpolavit.</em></strong></span> 
     </span>
    </p>
   </div>
   <div class='ocr_carea' id='block_1_4' title="bbox 324 687 2150 740">
    <p class='ocr_par' dir='ltr' id='par_1_5' title="bbox 324 687 2150 740">
     <span class='ocr_line' id='line_1_9' title="bbox 324 687 2150 740; baseline 0.001 -11"><span class='ocrx_word' id='word_1_82' title='bbox 324 692 417 729; x_wconf 89' lang='lat' dir='ltr'><strong><em>Iam</em></strong></span> <span class='ocrx_word' id='word_1_83' title='bbox 438 687 605 730; x_wconf 80' lang='lat' dir='ltr'><strong><em>‘scenici’</em></strong></span> <span class='ocrx_word' id='word_1_84' title='bbox 627 692 721 739; x_wconf 89' lang='lat' dir='ltr'><strong><em>quid</em></strong></span> <span class='ocrx_word' id='word_1_85' title='bbox 740 690 910 729; x_wconf 77' lang='lat' dir='ltr'><strong><em>dixerint</em></strong></span> <span class='ocrx_word' id='word_1_86' title='bbox 932 692 975 729; x_wconf 88' lang='lat' dir='ltr'><strong><em>in</em></strong></span> <span class='ocrx_word' id='word_1_87' title='bbox 992 691 1203 739; x_wconf 85' lang='lat' dir='ltr'><strong><em>propatulo</em></strong></span> <span class='ocrx_word' id='word_1_88' title='bbox 1223 693 1286 735; x_wconf 87' lang='lat' dir='ltr'><strong><em>est,</em></strong></span> <span class='ocrx_word' id='word_1_89' title='bbox 1313 702 1400 728; x_wconf 91' lang='lat' dir='ltr'><strong><em>cum</em></strong></span> <span class='ocrx_word' id='word_1_90' title='bbox 1418 690 1586 729; x_wconf 87' lang='lat' dir='ltr'><strong><em>Plautus</em></strong></span> <span class='ocrx_word' id='word_1_91' title='bbox 1609 693 1690 740; x_wconf 78' lang='lat' dir='ltr'><strong><em>fere</em></strong></span> <span class='ocrx_word' id='word_1_92' title='bbox 1707 693 1823 731; x_wconf 77' lang='lat' dir='ltr'><strong><em>vicies</em></strong></span> <span class='ocrx_word' id='word_1_93' title='bbox 1841 694 2074 731; x_wconf 75' lang='lat' dir='ltr'><strong><em>ornamenta.</em></strong></span> <span class='ocrx_word' id='word_1_94' title='bbox 2148 689 2150 691; x_wconf 68' lang='grc'><strong>’</strong></span> 
     </span>
    </p>
   </div>
   <div class='ocr_carea' id='block_1_5' title="bbox 318 757 2074 871">
    <p class='ocr_par' dir='ltr' id='par_1_6' title="bbox 318 757 2074 871">
     <span class='ocr_line' id='line_1_10' title="bbox 318 757 2074 805; baseline 0.001 -11"><span class='ocrx_word' id='word_1_95' title='bbox 318 757 508 804; x_wconf 75' lang='lat' dir='ltr'><strong><em>posuerit,</em></strong></span> <span class='ocrx_word' id='word_1_96' title='bbox 533 767 728 804; x_wconf 87' lang='lat' dir='ltr'><strong><em>nusquam</em></strong></span> <span class='ocrx_word' id='word_1_97' title='bbox 754 760 1044 801; x_wconf 78' lang='lat' dir='ltr'><strong><em>ornamentum,</em></strong></span> <span class='ocrx_word' id='word_1_98' title='bbox 1069 777 1128 782; x_wconf 91' lang='lat'><strong><em>—-</em></strong></span> <span class='ocrx_word' id='word_1_99' title='bbox 1153 758 1267 804; x_wconf 89' lang='lat' dir='ltr'><strong><em>atque</em></strong></span> <span class='ocrx_word' id='word_1_100' title='bbox 1290 757 1412 794; x_wconf 74' lang='lat' dir='ltr'><strong><em>sexies</em></strong></span> <span class='ocrx_word' id='word_1_101' title='bbox 1437 757 1484 794; x_wconf 86' lang='lat' dir='ltr'><strong><em>de</em></strong></span> <span class='ocrx_word' id='word_1_102' title='bbox 1507 757 1605 805; x_wconf 86' lang='lat' dir='ltr'><strong><em>ipsis</em></strong></span> <span class='ocrx_word' id='word_1_103' title='bbox 1629 759 1866 795; x_wconf 71' lang='lat' dir='ltr'><strong><em>ornamentis</em></strong></span> <span class='ocrx_word' id='word_1_104' title='bbox 1888 758 2074 796; x_wconf 78' lang='lat' dir='ltr'><strong><em>scaenicis</em></strong></span> 
     </span>
     <span class='ocr_line' id='line_1_11' title="bbox 327 820 2072 871; baseline 0.001 -11"><span class='ocrx_word' id='word_1_105' title='bbox 327 820 486 870; x_wconf 80' lang='lat' dir='ltr'><strong><em>(Amph.</em></strong></span> <span class='ocrx_word' id='word_1_106' title='bbox 514 822 582 860; x_wconf 88' lang='lat'><strong><em>85.</em></strong></span> <span class='ocrx_word' id='word_1_107' title='bbox 619 821 728 870; x_wconf 83' lang='lat' dir='ltr'><strong><em>Oapt.</em></strong></span> <span class='ocrx_word' id='word_1_108' title='bbox 757 822 854 859; x_wconf 96' lang='lat'><strong><em>615.</em></strong></span> <span class='ocrx_word' id='word_1_109' title='bbox 894 820 985 861; x_wconf 72' lang='lat' dir='ltr'><strong><em>cist.</em></strong></span> <span class='ocrx_word' id='word_1_110' title='bbox 1008 823 1104 860; x_wconf 83' lang='lat'><strong><em>784.</em></strong></span> <span class='ocrx_word' id='word_1_111' title='bbox 1141 821 1253 860; x_wconf 85' lang='lat' dir='ltr'><strong><em>Cure.</em></strong></span> <span class='ocrx_word' id='word_1_112' title='bbox 1282 822 1379 859; x_wconf 80' lang='lat'><strong><em>464.</em></strong></span> <span class='ocrx_word' id='word_1_113' title='bbox 1410 821 1517 859; x_wconf 86' lang='lat' dir='ltr'><strong><em>Pers.</em></strong></span> <span class='ocrx_word' id='word_1_114' title='bbox 1545 822 1641 861; x_wconf 85' lang='lat'><strong><em>159.</em></strong></span> <span class='ocrx_word' id='word_1_115' title='bbox 1676 822 1784 860; x_wconf 88' lang='lat' dir='ltr'><strong><em>Trin.</em></strong></span> <span class='ocrx_word' id='word_1_116' title='bbox 1813 822 1899 861; x_wconf 90' lang='lat'><strong><em>859</em></strong></span> <span class='ocrx_word' id='word_1_117' title='bbox 1910 821 1984 871; x_wconf 87' lang='lat' dir='ltr'><strong><em>sq.)</em></strong></span> <span class='ocrx_word' id='word_1_118' title='bbox 2017 836 2072 849; x_wconf 83' lang='lat'><strong><em>—·-</em></strong></span> 
     </span>
    </p>
   </div>
   <div class='ocr_carea' id='block_1_6' title="bbox 324 885 2148 935">
    <p class='ocr_par' dir='ltr' id='par_1_7' title="bbox 324 885 2148 935">
     <span class='ocr_line' id='line_1_12' title="bbox 324 885 2148 935; baseline 0.001 -9"><span class='ocrx_word' id='word_1_119' title='bbox 324 889 489 934; x_wconf 78' lang='lat' dir='ltr'><strong><em>itemque</em></strong></span> <span class='ocrx_word' id='word_1_120' title='bbox 527 889 760 926; x_wconf 76' lang='lat' dir='ltr'><strong><em>ornamenta</em></strong></span> <span class='ocrx_word' id='word_1_121' title='bbox 796 887 965 925; x_wconf 75' lang='lat' dir='ltr'><strong><em>habeant</em></strong></span> <span class='ocrx_word' id='word_1_122' title='bbox 1004 886 1196 925; x_wconf 84' lang='lat' dir='ltr'><strong><em>Caecilius</em></strong></span> <span class='ocrx_word' id='word_1_123' title='bbox 1233 885 1340 934; x_wconf 84' lang='lat'><em>(115</em></span> <span class='ocrx_word' id='word_1_124' title='bbox 1352 885 1421 933; x_wconf 87' lang='lat' dir='ltr'><strong><em>R.)</em></strong></span> <span class='ocrx_word' id='word_1_125' title='bbox 1456 886 1730 935; x_wconf 82' lang='lat' dir='ltr'><strong><em>Terentiusque</em></strong></span> <span class='ocrx_word' id='word_1_126' title='bbox 1767 887 1928 935; x_wconf 84' lang='lat' dir='ltr'><strong><em>(Heaut.</em></strong></span> <span class='ocrx_word' id='word_1_127' title='bbox 1957 888 2072 934; x_wconf 87' lang='lat'><strong><em>837).</em></strong></span> <span class='ocrx_word' id='word_1_128' title='bbox 2145 907 2148 910; x_wconf 36' lang='lat' dir='ltr'>v</span> 
     </span>
    </p>
   </div>
   <div class='ocr_carea' id='block_1_7' title="bbox 320 951 2076 3059">
    <p class='ocr_par' dir='ltr' id='par_1_8' title="bbox 322 951 2076 1592">
     <span class='ocr_line' id='line_1_13' title="bbox 328 951 2074 1001; baseline 0.001 -11"><span class='ocrx_word' id='word_1_129' title='bbox 328 952 438 1001; x_wconf 76' lang='lat' dir='ltr'><strong><em>Quod</em></strong></span> <span class='ocrx_word' id='word_1_130' title='bbox 463 964 552 990; x_wconf 78' lang='lat' dir='ltr'><strong><em>vero</em></strong></span> <span class='ocrx_word' id='word_1_131' title='bbox 572 952 804 990; x_wconf 79' lang='lat' dir='ltr'><strong><em>Ribbeckius</em></strong></span> <span class='ocrx_word' id='word_1_132' title='bbox 825 963 911 990; x_wconf 86' lang='lat' dir='ltr'><strong><em>cum</em></strong></span> <span class='ocrx_word' id='word_1_133' title='bbox 930 951 1135 999; x_wconf 77' lang='lat' dir='ltr'><strong><em>Scaliqero,</em></strong></span> <span class='ocrx_word' id='word_1_134' title='bbox 1156 951 1359 995; x_wconf 68' lang='lat' dir='ltr'><strong><em>Mueller-0,</em></strong></span> <span class='ocrx_word' id='word_1_135' title='bbox 1380 951 1511 990; x_wconf 89' lang='lat' dir='ltr'><strong><em>Leone</em></strong></span> <span class='ocrx_word' id='word_1_136' title='bbox 1530 951 1620 990; x_wconf 82' lang='lat' dir='ltr'><strong><em>aliis</em></strong></span> <span class='ocrx_word' id='word_1_137' title='bbox 1644 953 1911 1001; x_wconf 72' lang='lat' dir='ltr'><strong><em>antiquissimo</em></strong></span> <span class='ocrx_word' id='word_1_138' title='bbox 1935 954 2074 991; x_wconf 86' lang='lat' dir='ltr'><strong><em>comico</em></strong></span> 
     </span>
     <span class='ocr_line' id='line_1_14' title="bbox 326 1015 2074 1065; baseline 0.001 -10"><span class='ocrx_word' id='word_1_139' title='bbox 326 1018 443 1056; x_wconf 80' lang='lat' dir='ltr'><strong><em>Livio</em></strong></span> <span class='ocrx_word' id='word_1_140' title='bbox 462 1016 690 1056; x_wconf 76' lang='lat' dir='ltr'><strong><em>Andronico</em></strong></span> <span class='ocrx_word' id='word_1_141' title='bbox 717 1017 768 1065; x_wconf 80' lang='lat' dir='ltr'><strong><em>(v.</em></strong></span> <span class='ocrx_word' id='word_1_142' title='bbox 784 1019 831 1064; x_wconf 80' lang='lat'><strong><em>4)</em></strong></span> <span class='ocrx_word' id='word_1_143' title='bbox 858 1017 992 1055; x_wconf 82' lang='lat' dir='ltr'><strong><em>tribuit</em></strong></span> <span class='ocrx_word' id='word_1_144' title='bbox 1017 1018 1249 1055; x_wconf 82' lang='lat' dir='ltr'><strong><em>ornamento</em></strong></span> <span class='ocrx_word' id='word_1_145' title='bbox 1274 1015 1475 1061; x_wconf 84' lang='lat' dir='ltr'><strong><em>incedunt,</em></strong></span> <span class='ocrx_word' id='word_1_146' title='bbox 1500 1028 1621 1065; x_wconf 86' lang='lat' dir='ltr'><strong><em>neque</em></strong></span> <span class='ocrx_word' id='word_1_147' title='bbox 1646 1016 1693 1055; x_wconf 86' lang='lat' dir='ltr'><strong><em>de</em></strong></span> <span class='ocrx_word' id='word_1_148' title='bbox 1709 1020 1826 1065; x_wconf 87' lang='lat' dir='ltr'><strong><em>poeta</em></strong></span> <span class='ocrx_word' id='word_1_149' title='bbox 1850 1020 1998 1056; x_wconf 82' lang='lat' dir='ltr'><strong><em>constat</em></strong></span> <span class='ocrx_word' id='word_1_150' title='bbox 2015 1038 2074 1044; x_wconf 94' lang='lat'><strong>—</strong></span> 
     </span>
     <span class='ocr_line' id='line_1_15' title="bbox 326 1080 2075 1132; baseline 0 -10"><span class='ocrx_word' id='word_1_151' title='bbox 326 1095 421 1121; x_wconf 88' lang='lat' dir='ltr'><strong><em>nam</em></strong></span> <span class='ocrx_word' id='word_1_152' title='bbox 446 1083 572 1122; x_wconf 87' lang='lat' dir='ltr'><strong><em>levius</em></strong></span> <span class='ocrx_word' id='word_1_153' title='bbox 605 1082 792 1121; x_wconf 81' lang='lat' dir='ltr'><strong><em>traditum</em></strong></span> <span class='ocrx_word' id='word_1_154' title='bbox 825 1085 879 1121; x_wconf 86' lang='lat' dir='ltr'><strong><em>est</em></strong></span> <span class='ocrx_word' id='word_1_155' title='bbox 902 1085 993 1131; x_wconf 91' lang='lat' dir='ltr'><strong><em>post</em></strong></span> <span class='ocrx_word' id='word_1_156' title='bbox 1015 1083 1202 1120; x_wconf 89' lang='lat' dir='ltr'><strong><em>Plautum</em></strong></span> <span class='ocrx_word' id='word_1_157' title='bbox 1234 1083 1267 1119; x_wconf 77' lang='lat' dir='ltr'><strong><em>et</em></strong></span> <span class='ocrx_word' id='word_1_158' title='bbox 1290 1080 1456 1120; x_wconf 77' lang='lat' dir='ltr'><strong><em>Accium</em></strong></span> <span class='ocrx_word' id='word_1_159' title='bbox 1480 1082 1587 1130; x_wconf 88' lang='lat' dir='ltr'><strong><em>apud</em></strong></span> <span class='ocrx_word' id='word_1_160' title='bbox 1610 1082 1771 1120; x_wconf 84' lang='lat' dir='ltr'><strong><em>Festum</em></strong></span> <span class='ocrx_word' id='word_1_161' title='bbox 1795 1103 1853 1109; x_wconf 92' lang='lat'>—</span> <span class='ocrx_word' id='word_1_162' title='bbox 1877 1094 1998 1132; x_wconf 90' lang='lat' dir='ltr'><strong><em>neque</em></strong></span> <span class='ocrx_word' id='word_1_163' title='bbox 2028 1082 2075 1122; x_wconf 82' lang='lat' dir='ltr'><strong><em>de</em></strong></span> 
     </span>
     <span class='ocr_line' id='line_1_16' title="bbox 326 1141 2073 1199; baseline -0.001 -12"><span class='ocrx_word' id='word_1_164' title='bbox 326 1149 457 1195; x_wconf 79' lang='lat' dir='ltr'><strong><em>forma</em></strong></span> <span class='ocrx_word' id='word_1_165' title='bbox 469 1170 516 1175; x_wconf 96' lang='lat'>—</span> <span class='ocrx_word' id='word_1_166' title='bbox 530 1161 625 1187; x_wconf 89' lang='lat' dir='ltr'><strong><em>nam</em></strong></span> <span class='ocrx_word' id='word_1_167' title='bbox 638 1161 773 1186; x_wconf 82' lang='lat' dir='ltr'><strong><em>ornam</em></strong></span> <span class='ocrx_word' id='word_1_168' title='bbox 779 1150 874 1186; x_wconf 85' lang='lat' dir='ltr'><strong><em>entu</em></strong></span> <span class='ocrx_word' id='word_1_169' title='bbox 887 1147 1103 1186; x_wconf 82' lang='lat' dir='ltr'><strong><em>incendunt</em></strong></span> <span class='ocrx_word' id='word_1_170' title='bbox 1122 1147 1309 1186; x_wconf 76' lang='lat' dir='ltr'><strong><em>traditum</em></strong></span> <span class='ocrx_word' id='word_1_171' title='bbox 1324 1149 1378 1184; x_wconf 87' lang='lat' dir='ltr'><strong><em>est</em></strong></span> <span class='ocrx_word' id='word_1_172' title='bbox 1390 1141 1530 1199; x_wconf 90' lang='lat' dir='ltr'><strong><em>(neque</em></strong></span> <span class='ocrx_word' id='word_1_173' title='bbox 1545 1148 1675 1185; x_wconf 87' lang='lat' dir='ltr'><strong><em>comici</em></strong></span> <span class='ocrx_word' id='word_1_174' title='bbox 1688 1148 1893 1196; x_wconf 79' lang='lat' dir='ltr'><strong><em>quicquam</em></strong></span> <span class='ocrx_word' id='word_1_175' title='bbox 1911 1149 2020 1193; x_wconf 83' lang='lat' dir='ltr'><strong><em>inest,</em></strong></span> <span class='ocrx_word' id='word_1_176' title='bbox 2037 1149 2073 1186; x_wconf 89' lang='lat' dir='ltr'><strong><em>si</em></strong></span> 
     </span>
     <span class='ocr_line' id='line_1_17' title="bbox 325 1206 2075 1265; baseline 0 -13"><span class='ocrx_word' id='word_1_177' title='bbox 325 1214 424 1261; x_wconf 79' lang='lat' dir='ltr'><strong><em>forte</em></strong></span> <span class='ocrx_word' id='word_1_178' title='bbox 445 1214 523 1261; x_wconf 80' lang='lat' dir='ltr'><strong><em>fuit</em></strong></span> <span class='ocrx_word' id='word_1_179' title='bbox 541 1210 775 1252; x_wconf 68' lang='lat' dir='ltr'><strong><em>ornamenta</em></strong></span> <span class='ocrx_word' id='word_1_180' title='bbox 792 1212 1009 1252; x_wconf 84' lang='lat' dir='ltr'><strong><em>incendunt</em></strong></span> <span class='ocrx_word' id='word_1_181' title='bbox 1026 1208 1148 1251; x_wconf 73' lang='lat' dir='ltr'><strong><em>nobili</em></strong></span> <span class='ocrx_word' id='word_1_182' title='bbox 1167 1206 1417 1265; x_wconf 67' lang='lat' dir='ltr'><strong><em>{Igndbiles).</em></strong></span> <span class='ocrx_word' id='word_1_183' title='bbox 1447 1211 1623 1250; x_wconf 83' lang='lat' dir='ltr'><strong><em>Ceterum</em></strong></span> <span class='ocrx_word' id='word_1_184' title='bbox 1634 1213 1785 1251; x_wconf 84' lang='lat' dir='ltr'><strong><em>videtur</em></strong></span> <span class='ocrx_word' id='word_1_185' title='bbox 1798 1218 2075 1252; x_wconf 83' lang='lat' dir='ltr'><strong><em>ornamentum</em></strong></span> 
     </span>
     <span class='ocr_line' id='line_1_18' title="bbox 322 1275 2076 1328; baseline 0.001 -11"><span class='ocrx_word' id='word_1_186' title='bbox 322 1282 533 1328; x_wconf 86' lang='lat' dir='ltr'><strong><em>propterca</em></strong></span> <span class='ocrx_word' id='word_1_187' title='bbox 559 1280 608 1317; x_wconf 84' lang='lat' dir='ltr'><strong><em>ab</em></strong></span> <span class='ocrx_word' id='word_1_188' title='bbox 635 1291 698 1317; x_wconf 91' lang='lat' dir='ltr'><strong><em>ore</em></strong></span> <span class='ocrx_word' id='word_1_189' title='bbox 725 1279 922 1317; x_wconf 69' lang='lat' dir='ltr'><strong><em>darii-asse</em></strong></span> <span class='ocrx_word' id='word_1_190' title='bbox 954 1278 1092 1323; x_wconf 88' lang='lat' dir='ltr'><strong><em>Varro,</em></strong></span> <span class='ocrx_word' id='word_1_191' title='bbox 1120 1279 1220 1326; x_wconf 85' lang='lat' dir='ltr'><strong><em>quod</em></strong></span> <span class='ocrx_word' id='word_1_192' title='bbox 1245 1275 1459 1328; x_wconf 85' lang='grc' dir='ltr'><strong><em>πρόσωπον</em></strong></span> <span class='ocrx_word' id='word_1_193' title='bbox 1476 1278 1736 1326; x_wconf 86' lang='lat' dir='ltr'><strong><em>praecipuum</em></strong></span> <span class='ocrx_word' id='word_1_194' title='bbox 1759 1280 1975 1317; x_wconf 87' lang='lat' dir='ltr'><strong><em>ornamenti</em></strong></span> <span class='ocrx_word' id='word_1_195' title='bbox 1998 1290 2076 1318; x_wconf 87' lang='lat' dir='ltr'><strong><em>sce·-</em></strong></span> 
     </span>
     <span class='ocr_line' id='line_1_19' title="bbox 324 1342 2076 1394; baseline 0.001 -13"><span class='ocrx_word' id='word_1_196' title='bbox 324 1345 403 1382; x_wconf 88' lang='lat' dir='ltr'><strong><em>nici</em></strong></span> <span class='ocrx_word' id='word_1_197' title='bbox 431 1356 534 1393; x_wconf 88' lang='lat' dir='ltr'><strong><em>pars</em></strong></span> <span class='ocrx_word' id='word_1_198' title='bbox 564 1345 651 1392; x_wconf 78' lang='lat' dir='ltr'><strong><em>fuit.</em></strong></span> <span class='ocrx_word' id='word_1_199' title='bbox 692 1345 755 1382; x_wconf 90' lang='lat' dir='ltr'><strong><em>De</em></strong></span> <span class='ocrx_word' id='word_1_200' title='bbox 780 1343 1064 1394; x_wconf 72' lang='lat' dir='ltr'><strong><em>propositione,</em></strong></span> <span class='ocrx_word' id='word_1_201' title='bbox 1090 1343 1193 1392; x_wconf 91' lang='lat' dir='ltr'><strong><em>quod</em></strong></span> <span class='ocrx_word' id='word_1_202' title='bbox 1211 1345 1303 1391; x_wconf 86' lang='lat' dir='ltr'><strong><em>post</em></strong></span> <span class='ocrx_word' id='word_1_203' title='bbox 1326 1342 1426 1380; x_wconf 89' lang='lat' dir='ltr'><strong><em>alios</em></strong></span> <span class='ocrx_word' id='word_1_204' title='bbox 1449 1343 1604 1390; x_wconf 82' lang='lat' dir='ltr'><strong><em>frustra</em></strong></span> <span class='ocrx_word' id='word_1_205' title='bbox 1630 1345 1865 1391; x_wconf 75' lang='lat' dir='ltr'><strong><em>temptarunt</em></strong></span> <span class='ocrx_word' id='word_1_206' title='bbox 1892 1343 2018 1383; x_wconf 82' lang='lat' dir='ltr'><strong><em>Oanal</em></strong></span> <span class='ocrx_word' id='word_1_207' title='bbox 2043 1346 2076 1383; x_wconf 88' lang='lat' dir='ltr'><strong><em>et</em></strong></span> 
     </span>
     <span class='ocr_line' id='line_1_20' title="bbox 327 1406 2076 1459; baseline 0 -11"><span class='ocrx_word' id='word_1_208' title='bbox 327 1410 489 1459; x_wconf 71' lang='lat' dir='ltr'><strong><em>Maehly</em></strong></span> <span class='ocrx_word' id='word_1_209' title='bbox 528 1407 609 1458; x_wconf 66' lang='lat' dir='ltr'><strong><em>(Z.</em></strong></span> <span class='ocrx_word' id='word_1_210' title='bbox 635 1410 737 1448; x_wconf 85' lang='lat' dir='ltr'><strong><em>Krit.</em></strong></span> <span class='ocrx_word' id='word_1_211' title='bbox 765 1410 830 1447; x_wconf 87' lang='lat' dir='ltr'><strong><em>lat.</em></strong></span> <span class='ocrx_word' id='word_1_212' title='bbox 855 1406 1060 1456; x_wconf 78' lang='lat' dir='ltr'><strong><em>Schriftst.&#39;</em></strong></span> <span class='ocrx_word' id='word_1_213' title='bbox 1088 1421 1124 1447; x_wconf 91' lang='lat' dir='ltr'><strong><em>a.</em></strong></span> <span class='ocrx_word' id='word_1_214' title='bbox 1153 1409 1268 1447; x_wconf 89' lang='lat'><em>1886</em></span> <span class='ocrx_word' id='word_1_215' title='bbox 1285 1420 1328 1456; x_wconf 88' lang='lat' dir='ltr'><strong><em>p·</em></strong></span> <span class='ocrx_word' id='word_1_216' title='bbox 1358 1407 1420 1455; x_wconf 88' lang='lat'><strong><em>6),</em></strong></span> <span class='ocrx_word' id='word_1_217' title='bbox 1460 1408 1509 1455; x_wconf 82' lang='lat' dir='ltr'><strong><em>cf.</em></strong></span> <span class='ocrx_word' id='word_1_218' title='bbox 1542 1407 1595 1446; x_wconf 89' lang='lat' dir='ltr'><strong><em>ad</em></strong></span> <span class='ocrx_word' id='word_1_219' title='bbox 1621 1410 1689 1453; x_wconf 88' lang='lat'><strong><em>79,</em></strong></span> <span class='ocrx_word' id='word_1_220' title='bbox 1712 1408 1788 1447; x_wconf 91' lang='lat'><strong><em>15:</em></strong></span> <span class='ocrx_word' id='word_1_221' title='bbox 1824 1410 1891 1457; x_wconf 90' lang='lat' dir='ltr'><strong><em>qui</em></strong></span> <span class='ocrx_word' id='word_1_222' title='bbox 1928 1410 1999 1448; x_wconf 87' lang='lat' dir='ltr'><strong><em>loci</em></strong></span> <span class='ocrx_word' id='word_1_223' title='bbox 2034 1419 2076 1448; x_wconf 78' lang='lat' dir='ltr'><strong><em>se</em></strong></span> 
     </span>
     <span class='ocr_line' id='line_1_21' title="bbox 329 1473 2075 1524; baseline 0 -10"><span class='ocrx_word' id='word_1_224' title='bbox 329 1478 505 1514; x_wconf 87' lang='lat' dir='ltr'><strong><em>tutantur</em></strong></span> <span class='ocrx_word' id='word_1_225' title='bbox 523 1477 698 1520; x_wconf 84' lang='lat' dir='ltr'><strong><em>invicem,</em></strong></span> <span class='ocrx_word' id='word_1_226' title='bbox 716 1476 795 1513; x_wconf 88' lang='lat' dir='ltr'><strong><em>nisi</em></strong></span> <span class='ocrx_word' id='word_1_227' title='bbox 814 1474 915 1522; x_wconf 88' lang='lat' dir='ltr'><strong><em>quod</em></strong></span> <span class='ocrx_word' id='word_1_228' title='bbox 933 1475 994 1513; x_wconf 82' lang='lat' dir='ltr'><strong><em>hic</em></strong></span> <span class='ocrx_word' id='word_1_229' title='bbox 1012 1474 1319 1513; x_wconf 78' lang='lat' dir='ltr'><strong><em>additamentum</em></strong></span> <span class='ocrx_word' id='word_1_230' title='bbox 1339 1473 1560 1520; x_wconf 77' lang='lat' dir='ltr'><strong><em>requiritur,</em></strong></span> <span class='ocrx_word' id='word_1_231' title='bbox 1579 1473 1682 1512; x_wconf 76' lang='lat' dir='ltr'><strong><em>velut</em></strong></span> <span class='ocrx_word' id='word_1_232' title='bbox 1700 1485 1788 1512; x_wconf 86' lang='lat' dir='ltr'><strong><em>cum</em></strong></span> <span class='ocrx_word' id='word_1_233' title='bbox 1807 1474 2075 1524; x_wconf 76' lang='lat' dir='ltr'><strong><em>propositione</em></strong></span> 
     </span>
     <span class='ocr_line' id='line_1_22' title="bbox 328 1538 1707 1592; baseline -0.002 -12"><span class='ocrx_word' id='word_1_234' title='bbox 328 1538 538 1592; x_wconf 82' lang='lat' dir='ltr'><strong><em>&lt;decoris&gt;</em></strong></span> <span class='ocrx_word' id='word_1_235' title='bbox 564 1540 720 1579; x_wconf 73' lang='lat' dir='ltr'><strong><em>dicitur.</em></strong></span> <span class='ocrx_word' id='word_1_236' title='bbox 753 1539 820 1578; x_wconf 83' lang='lat' dir='ltr'><strong><em>Ad</em></strong></span> <span class='ocrx_word' id='word_1_237' title='bbox 844 1542 973 1588; x_wconf 82' lang='lat' dir='ltr'><strong><em>ipsa-m</em></strong></span> <span class='ocrx_word' id='word_1_238' title='bbox 997 1541 1296 1578; x_wconf 82' lang='lat' dir='ltr'><strong><em>observationem</em></strong></span> <span class='ocrx_word' id='word_1_239' title='bbox 1322 1541 1369 1587; x_wconf 81' lang='lat' dir='ltr'><strong><em>cf.</em></strong></span> <span class='ocrx_word' id='word_1_240' title='bbox 1395 1539 1465 1577; x_wconf 90' lang='lat' dir='ltr'><strong><em>IX</em></strong></span> <span class='ocrx_word' id='word_1_241' title='bbox 1493 1541 1548 1577; x_wconf 88' lang='grc'><strong><em>66</em></strong></span> <span class='ocrx_word' id='word_1_242' title='bbox 1559 1551 1613 1587; x_wconf 91' lang='lat' dir='ltr'><strong><em>sq.</em></strong></span> <span class='ocrx_word' id='word_1_243' title='bbox 1621 1568 1631 1587; x_wconf 96' lang='lat'>,</span> <span class='ocrx_word' id='word_1_244' title='bbox 1657 1540 1707 1578; x_wconf 87' lang='lat' dir='ltr'><strong><em>al.</em></strong></span> 
     </span>
    </p>

    <p class='ocr_par' dir='ltr' id='par_1_9' title="bbox 450 1611 1504 1661">
     <span class='ocr_line' id='line_1_23' title="bbox 450 1611 1504 1661; baseline -0.002 -11"><span class='ocrx_word' id='word_1_245' title='bbox 450 1614 518 1661; x_wconf 91' lang='lat'>84,</span> <span class='ocrx_word' id='word_1_246' title='bbox 542 1614 607 1651; x_wconf 88' lang='lat'><strong><em>13.</em></strong></span> <span class='ocrx_word' id='word_1_247' title='bbox 643 1611 703 1660; x_wconf 80' lang='lat' dir='ltr'><strong><em>Of.</em></strong></span> <span class='ocrx_word' id='word_1_248' title='bbox 729 1612 919 1650; x_wconf 77' lang='lat' dir='ltr'><strong><em>Heidrich</em></strong></span> <span class='ocrx_word' id='word_1_249' title='bbox 937 1623 980 1660; x_wconf 91' lang='lat' dir='ltr'><strong><em>p.</em></strong></span> <span class='ocrx_word' id='word_1_250' title='bbox 1011 1612 1077 1657; x_wconf 90' lang='lat'><strong><em>57,</em></strong></span> <span class='ocrx_word' id='word_1_251' title='bbox 1102 1611 1350 1659; x_wconf 77' lang='lat' dir='ltr'><strong><em>Krumbieqel</em></strong></span> <span class='ocrx_word' id='word_1_252' title='bbox 1367 1623 1409 1659; x_wconf 89' lang='lat' dir='ltr'><strong><em>p.</em></strong></span> <span class='ocrx_word' id='word_1_253' title='bbox 1440 1611 1504 1649; x_wconf 76' lang='lat'><strong><em>62.</em></strong></span> 
     </span>
    </p>

    <p class='ocr_par' dir='ltr' id='par_1_10' title="bbox 330 1676 2074 1792">
     <span class='ocr_line' id='line_1_24' title="bbox 448 1676 2074 1726; baseline -0.001 -10"><span class='ocrx_word' id='word_1_254' title='bbox 448 1680 516 1726; x_wconf 84' lang='lat'><strong><em>85,</em></strong></span> <span class='ocrx_word' id='word_1_255' title='bbox 537 1680 574 1715; x_wconf 90' lang='grc'><strong><em>4.</em></strong></span> <span class='ocrx_word' id='word_1_256' title='bbox 605 1677 763 1716; x_wconf 83' lang='lat' dir='ltr'><strong><em>fictores</em></strong></span> <span class='ocrx_word' id='word_1_257' title='bbox 781 1678 878 1715; x_wconf 82' lang='lat' dir='ltr'><strong><em>item</em></strong></span> <span class='ocrx_word' id='word_1_258' title='bbox 898 1676 998 1715; x_wconf 83' lang='lat' dir='ltr'><strong><em>alios</em></strong></span> <span class='ocrx_word' id='word_1_259' title='bbox 1018 1678 1308 1714; x_wconf 74' lang='lat' dir='ltr'><strong><em>coniunximus:</em></strong></span> <span class='ocrx_word' id='word_1_260' title='bbox 1331 1687 1425 1714; x_wconf 89' lang='lat' dir='ltr'><strong><em>nam</em></strong></span> <span class='ocrx_word' id='word_1_261' title='bbox 1444 1678 1536 1714; x_wconf 88' lang='lat' dir='ltr'><strong><em>sunt</em></strong></span> <span class='ocrx_word' id='word_1_262' title='bbox 1559 1676 1658 1714; x_wconf 87' lang='lat' dir='ltr'><strong><em>inter</em></strong></span> <span class='ocrx_word' id='word_1_263' title='bbox 1676 1676 1831 1714; x_wconf 86' lang='lat' dir='ltr'><strong><em>fictores</em></strong></span> <span class='ocrx_word' id='word_1_264' title='bbox 1851 1678 1967 1715; x_wconf 88' lang='lat' dir='ltr'><strong><em>etiam</em></strong></span> <span class='ocrx_word' id='word_1_265' title='bbox 1991 1677 2074 1723; x_wconf 87' lang='lat' dir='ltr'><strong><em>alii,</em></strong></span> 
     </span>
     <span class='ocr_line' id='line_1_25' title="bbox 330 1742 966 1792; baseline -0.005 -10"><span class='ocrx_word' id='word_1_266' title='bbox 330 1745 428 1783; x_wconf 79' lang='lat' dir='ltr'><strong><em>celut</em></strong></span> <span class='ocrx_word' id='word_1_267' title='bbox 448 1743 687 1792; x_wconf 82' lang='lat' dir='ltr'><strong><em>pastillarii;</em></strong></span> <span class='ocrx_word' id='word_1_268' title='bbox 712 1744 760 1791; x_wconf 80' lang='lat' dir='ltr'><strong><em>cf.</em></strong></span> <span class='ocrx_word' id='word_1_269' title='bbox 788 1742 876 1781; x_wconf 88' lang='lat' dir='ltr'><strong><em>VII</em></strong></span> <span class='ocrx_word' id='word_1_270' title='bbox 899 1744 966 1780; x_wconf 79' lang='lat'><strong><em>44.</em></strong></span> 
     </span>
    </p>

    <p class='ocr_par' dir='ltr' id='par_1_11' title="bbox 320 1809 2075 2386">
     <span class='ocr_line' id='line_1_26' title="bbox 448 1809 2075 1866; baseline -0.001 -13"><span class='ocrx_word' id='word_1_271' title='bbox 448 1816 516 1864; x_wconf 84' lang='lat'><strong><em>85,</em></strong></span> <span class='ocrx_word' id='word_1_272' title='bbox 538 1817 575 1853; x_wconf 84' lang='lat'><strong><em>9.</em></strong></span> <span class='ocrx_word' id='word_1_273' title='bbox 606 1810 732 1866; x_wconf 78' lang='lat' dir='ltr'><strong><em>(lux)</em></strong></span> <span class='ocrx_word' id='word_1_274' title='bbox 752 1814 847 1863; x_wconf 82' lang='lat' dir='ltr'><strong><em>quia</em></strong></span> <span class='ocrx_word' id='word_1_275' title='bbox 865 1813 971 1851; x_wconf 84' lang='lat' dir='ltr'><strong><em>lucet</em></strong></span> <span class='ocrx_word' id='word_1_276' title='bbox 993 1816 1027 1851; x_wconf 90' lang='lat' dir='ltr'><strong><em>et</em></strong></span> <span class='ocrx_word' id='word_1_277' title='bbox 1043 1824 1132 1851; x_wconf 70' lang='lat' dir='ltr'><strong><em>mom</em></strong></span> <span class='ocrx_word' id='word_1_278' title='bbox 1155 1813 1264 1851; x_wconf 86' lang='lat' dir='ltr'><strong><em>luere</em></strong></span> <span class='ocrx_word' id='word_1_279' title='bbox 1291 1825 1310 1847; x_wconf 83' lang='lat'>*</span> <span class='ocrx_word' id='word_1_280' title='bbox 1327 1825 1347 1847; x_wconf 79' lang='lat'>*</span> <span class='ocrx_word' id='word_1_281' title='bbox 1363 1824 1383 1847; x_wconf 83' lang='lat'>*</span> <span class='ocrx_word' id='word_1_282' title='bbox 1412 1815 1446 1850; x_wconf 89' lang='lat' dir='ltr'><strong><em>et</em></strong></span> <span class='ocrx_word' id='word_1_283' title='bbox 1466 1812 1676 1852; x_wconf 80' lang='lat' dir='ltr'><strong><em>noctiluca.</em></strong></span> <span class='ocrx_word' id='word_1_284' title='bbox 1707 1809 1959 1864; x_wconf 82' lang='lat' dir='ltr'><strong><em>&lt;col&gt;lucare</em></strong></span> <span class='ocrx_word' id='word_1_285' title='bbox 1978 1813 2075 1852; x_wconf 83' lang='lat' dir='ltr'><strong><em>item</em></strong></span> 
     </span>
     <span class='ocr_line' id='line_1_27' title="bbox 328 1879 2073 1926; baseline -0.001 -7"><span class='ocrx_word' id='word_1_286' title='bbox 328 1881 378 1919; x_wconf 84' lang='lat' dir='ltr'><strong><em>ab</em></strong></span> <span class='ocrx_word' id='word_1_287' title='bbox 403 1881 491 1919; x_wconf 85' lang='lat' dir='ltr'><strong><em>luce</em></strong></span> <span class='ocrx_word' id='word_1_288' title='bbox 518 1880 776 1918; x_wconf 64' lang='lat' dir='ltr'><strong><em>Reitzenstein</em></strong></span> <span class='ocrx_word' id='word_1_289' title='bbox 793 1891 835 1926; x_wconf 88' lang='lat' dir='ltr'><strong><em>p.</em></strong></span> <span class='ocrx_word' id='word_1_290' title='bbox 864 1880 932 1924; x_wconf 82' lang='lat'><strong><em>40,</em></strong></span> <span class='ocrx_word' id='word_1_291' title='bbox 955 1881 978 1916; x_wconf 90' lang='lat'><em>1</em></span> <span class='ocrx_word' id='word_1_292' title='bbox 1006 1890 1126 1926; x_wconf 90' lang='lat' dir='ltr'><strong><em>neque</em></strong></span> <span class='ocrx_word' id='word_1_293' title='bbox 1159 1889 1344 1916; x_wconf 76' lang='lat' dir='ltr'><strong><em>conexum</em></strong></span> <span class='ocrx_word' id='word_1_294' title='bbox 1375 1880 1474 1917; x_wconf 86' lang='lat' dir='ltr'><strong><em>recte</em></strong></span> <span class='ocrx_word' id='word_1_295' title='bbox 1498 1879 1700 1917; x_wconf 78' lang='lat' dir='ltr'><strong><em>restituens</em></strong></span> <span class='ocrx_word' id='word_1_296' title='bbox 1734 1879 1924 1917; x_wconf 78' lang='lat' dir='ltr'><strong><em>amissum</em></strong></span> <span class='ocrx_word' id='word_1_297' title='bbox 1952 1889 2073 1926; x_wconf 88' lang='lat' dir='ltr'><strong><em>neque</em></strong></span> 
     </span>
     <span class='ocr_line' id='line_1_28' title="bbox 320 1943 2073 1995; baseline -0.001 -11"><span class='ocrx_word' id='word_1_298' title='bbox 320 1946 577 1995; x_wconf 83' lang='lat' dir='ltr'><strong><em>probabiliter</em></strong></span> <span class='ocrx_word' id='word_1_299' title='bbox 601 1946 792 1993; x_wconf 88' lang='lat' dir='ltr'><strong><em>nimisque</em></strong></span> <span class='ocrx_word' id='word_1_300' title='bbox 816 1945 998 1982; x_wconf 77' lang='lat' dir='ltr'><strong><em>violenter</em></strong></span> <span class='ocrx_word' id='word_1_301' title='bbox 1021 1955 1205 1982; x_wconf 75' lang='lat' dir='ltr'><strong><em>conexum</em></strong></span> <span class='ocrx_word' id='word_1_302' title='bbox 1228 1945 1424 1982; x_wconf 84' lang='lat' dir='ltr'><strong><em>servatum</em></strong></span> <span class='ocrx_word' id='word_1_303' title='bbox 1449 1944 1622 1983; x_wconf 75' lang='lat' dir='ltr'><strong><em>turbans.</em></strong></span> <span class='ocrx_word' id='word_1_304' title='bbox 1659 1943 1786 1982; x_wconf 84' lang='lat' dir='ltr'><strong><em>Immo</em></strong></span> <span class='ocrx_word' id='word_1_305' title='bbox 1810 1944 1941 1983; x_wconf 87' lang='lat' dir='ltr'><strong><em>lucere</em></strong></span> <span class='ocrx_word' id='word_1_306' title='bbox 1974 1944 2073 1982; x_wconf 81' lang='lat' dir='ltr'><strong><em>item</em></strong></span> 
     </span>
     <span class='ocr_line' id='line_1_29' title="bbox 327 2009 2075 2059; baseline -0.001 -9"><span class='ocrx_word' id='word_1_307' title='bbox 327 2011 376 2050; x_wconf 86' lang='lat' dir='ltr'><strong><em>ab</em></strong></span> <span class='ocrx_word' id='word_1_308' title='bbox 401 2012 488 2050; x_wconf 86' lang='lat' dir='ltr'><strong><em>luce</em></strong></span> <span class='ocrx_word' id='word_1_309' title='bbox 515 2011 706 2050; x_wconf 86' lang='lat' dir='ltr'><strong><em>Varronis</em></strong></span> <span class='ocrx_word' id='word_1_310' title='bbox 729 2010 938 2059; x_wconf 80' lang='lat' dir='ltr'><strong><em>veriloquio</em></strong></span> <span class='ocrx_word' id='word_1_311' title='bbox 971 2009 1021 2048; x_wconf 84' lang='lat' dir='ltr'><strong><em>ab</em></strong></span> <span class='ocrx_word' id='word_1_312' title='bbox 1052 2009 1159 2046; x_wconf 86' lang='lat' dir='ltr'><strong><em>luere</em></strong></span> <span class='ocrx_word' id='word_1_313' title='bbox 1185 2009 1422 2047; x_wconf 81' lang='lat' dir='ltr'><strong><em>tralaticium</em></strong></span> <span class='ocrx_word' id='word_1_314' title='bbox 1446 2009 1778 2057; x_wconf 72' lang='lat' dir='ltr'><strong><em>clarissimumque</em></strong></span> <span class='ocrx_word' id='word_1_315' title='bbox 1802 2020 1991 2058; x_wconf 88' lang='lat' dir='ltr'><strong><em>opponere</em></strong></span> <span class='ocrx_word' id='word_1_316' title='bbox 2013 2010 2075 2048; x_wconf 86' lang='lat' dir='ltr'><strong><em>in-</em></strong></span> 
     </span>
     <span class='ocr_line' id='line_1_30' title="bbox 328 2073 2075 2125; baseline -0.002 -9"><span class='ocrx_word' id='word_1_317' title='bbox 328 2078 468 2116; x_wconf 78' lang='lat' dir='ltr'><strong><em>tellexit</em></strong></span> <span class='ocrx_word' id='word_1_318' title='bbox 485 2076 551 2125; x_wconf 85' lang='lat' dir='ltr'><strong><em>Sp.</em></strong></span> <span class='ocrx_word' id='word_1_319' title='bbox 571 2075 820 2125; x_wconf 78' lang='lat' dir='ltr'><strong><em>produntque</em></strong></span> <span class='ocrx_word' id='word_1_320' title='bbox 844 2075 932 2123; x_wconf 87' lang='lat' dir='ltr'><strong><em>ipsa</em></strong></span> <span class='ocrx_word' id='word_1_321' title='bbox 951 2075 1080 2118; x_wconf 78' lang='lat' dir='ltr'><strong><em>verba,</em></strong></span> <span class='ocrx_word' id='word_1_322' title='bbox 1116 2073 1292 2113; x_wconf 83' lang='lat' dir='ltr'><strong><em>Ceterum</em></strong></span> <span class='ocrx_word' id='word_1_323' title='bbox 1309 2077 1470 2123; x_wconf 91' lang='lat' dir='ltr'><strong><em>propter</em></strong></span> <span class='ocrx_word' id='word_1_324' title='bbox 1487 2075 1590 2112; x_wconf 78' lang='lat' dir='ltr'><strong><em>hunc</em></strong></span> <span class='ocrx_word' id='word_1_325' title='bbox 1611 2075 1742 2122; x_wconf 84' lang='lat' dir='ltr'><strong><em>ipswm</em></strong></span> <span class='ocrx_word' id='word_1_326' title='bbox 1767 2074 1891 2113; x_wconf 88' lang='lat' dir='ltr'><strong><em>locum</em></strong></span> <span class='ocrx_word' id='word_1_327' title='bbox 1910 2073 1956 2112; x_wconf 88' lang='lat' dir='ltr'><strong><em>de</em></strong></span> <span class='ocrx_word' id='word_1_328' title='bbox 1977 2074 2075 2112; x_wconf 89' lang='lat' dir='ltr'><strong><em>Var-</em></strong></span> 
     </span>
     <span class='ocr_line' id='line_1_31' title="bbox 327 2138 2075 2190; baseline -0.002 -9"><span class='ocrx_word' id='word_1_329' title='bbox 327 2155 421 2182; x_wconf 88' lang='lat' dir='ltr'><strong><em>rone</em></strong></span> <span class='ocrx_word' id='word_1_330' title='bbox 438 2153 567 2190; x_wconf 88' lang='lat' dir='ltr'><strong><em>paene</em></strong></span> <span class='ocrx_word' id='word_1_331' title='bbox 592 2141 822 2189; x_wconf 88' lang='lat' dir='ltr'><strong><em>desperabat</em></strong></span> <span class='ocrx_word' id='word_1_332' title='bbox 839 2140 917 2188; x_wconf 68' lang='lat' dir='ltr'><strong><em>Sp„</em></strong></span> <span class='ocrx_word' id='word_1_333' title='bbox 943 2151 1054 2188; x_wconf 86' lang='lat' dir='ltr'><strong><em>quem</em></strong></span> <span class='ocrx_word' id='word_1_334' title='bbox 1073 2138 1122 2177; x_wconf 89' lang='lat' dir='ltr'><strong><em>A.</em></strong></span> <span class='ocrx_word' id='word_1_335' title='bbox 1137 2139 1201 2187; x_wconf 83' lang='lat' dir='ltr'><strong><em>Sp.</em></strong></span> <span class='ocrx_word' id='word_1_336' title='bbox 1229 2150 1274 2177; x_wconf 78' lang='lat' dir='ltr'><strong><em>ex</em></strong></span> <span class='ocrx_word' id='word_1_337' title='bbox 1299 2140 1381 2178; x_wconf 83' lang='lat' dir='ltr'><strong><em>alia</em></strong></span> <span class='ocrx_word' id='word_1_338' title='bbox 1399 2142 1516 2187; x_wconf 88' lang='lat' dir='ltr'><strong><em>parte</em></strong></span> <span class='ocrx_word' id='word_1_339' title='bbox 1533 2140 1607 2177; x_wconf 85' lang='lat' dir='ltr'><strong><em>huc</em></strong></span> <span class='ocrx_word' id='word_1_340' title='bbox 1631 2139 1865 2178; x_wconf 75' lang='lat' dir='ltr'><strong><em>translatwn</em></strong></span> <span class='ocrx_word' id='word_1_341' title='bbox 1890 2150 1969 2178; x_wconf 85' lang='lat' dir='ltr'><strong><em>esse</em></strong></span> <span class='ocrx_word' id='word_1_342' title='bbox 1988 2150 2075 2178; x_wconf 86' lang='lat' dir='ltr'><strong><em>con-</em></strong></span> 
     </span>
     <span class='ocr_line' id='line_1_32' title="bbox 327 2200 2073 2256; baseline -0.002 -9"><span class='ocrx_word' id='word_1_343' title='bbox 327 2210 491 2256; x_wconf 74' lang='lat' dir='ltr'><strong><em>fidenter</em></strong></span> <span class='ocrx_word' id='word_1_344' title='bbox 516 2206 766 2256; x_wconf 77' lang='lat' dir='ltr'><strong><em>affirmabat.-</em></strong></span> <span class='ocrx_word' id='word_1_345' title='bbox 802 2207 849 2255; x_wconf 79' lang='lat' dir='ltr'><strong><em>cf.</em></strong></span> <span class='ocrx_word' id='word_1_346' title='bbox 879 2203 1234 2254; x_wconf 70' lang='lat' dir='ltr'><strong><em>‘Sitzunqsberichte</em></strong></span> <span class='ocrx_word' id='word_1_347' title='bbox 1266 2204 1302 2242; x_wconf 86' lang='lat' dir='ltr'><strong><em>d.</em></strong></span> <span class='ocrx_word' id='word_1_348' title='bbox 1335 2204 1462 2254; x_wconf 76' lang='lat' dir='ltr'><strong><em>bayer.</em></strong></span> <span class='ocrx_word' id='word_1_349' title='bbox 1494 2204 1568 2243; x_wconf 67' lang='lat' dir='ltr'><strong><em>Alc.</em></strong></span> <span class='ocrx_word' id='word_1_350' title='bbox 1594 2205 1631 2243; x_wconf 86' lang='lat' dir='ltr'><strong><em>d.</em></strong></span> <span class='ocrx_word' id='word_1_351' title='bbox 1665 2200 1743 2243; x_wconf 66' lang='lat' dir='ltr'><strong><em>W?</em></strong></span> <span class='ocrx_word' id='word_1_352' title='bbox 1771 2204 1885 2243; x_wconf 89' lang='grc'><em>1885</em></span> <span class='ocrx_word' id='word_1_353' title='bbox 1904 2217 1946 2253; x_wconf 89' lang='lat' dir='ltr'><strong><em>p.</em></strong></span> <span class='ocrx_word' id='word_1_354' title='bbox 1973 2205 2073 2243; x_wconf 80' lang='lat'><strong><em>243.</em></strong></span> 
     </span>
     <span class='ocr_line' id='line_1_33' title="bbox 327 2269 2075 2321; baseline -0.003 -9"><span class='ocrx_word' id='word_1_355' title='bbox 327 2274 395 2312; x_wconf 88' lang='lat' dir='ltr'><strong><em>Ad</em></strong></span> <span class='ocrx_word' id='word_1_356' title='bbox 429 2273 655 2311; x_wconf 89' lang='lat' dir='ltr'><strong><em>locutionem</em></strong></span> <span class='ocrx_word' id='word_1_357' title='bbox 689 2272 824 2310; x_wconf 86' lang='lat' dir='ltr'><strong><em>lumen</em></strong></span> <span class='ocrx_word' id='word_1_358' title='bbox 857 2271 987 2309; x_wconf 86' lang='lat' dir='ltr'><strong><em>facere</em></strong></span> <span class='ocrx_word' id='word_1_359' title='bbox 1013 2281 1131 2318; x_wconf 89' lang='lat' dir='ltr'><strong><em>quam</em></strong></span> <span class='ocrx_word' id='word_1_360' title='bbox 1156 2270 1386 2308; x_wconf 85' lang='lat' dir='ltr'><strong><em>admisimus</em></strong></span> <span class='ocrx_word' id='word_1_361' title='bbox 1417 2271 1464 2318; x_wconf 78' lang='lat' dir='ltr'><strong><em>cf.</em></strong></span> <span class='ocrx_word' id='word_1_362' title='bbox 1490 2269 1623 2321; x_wconf 83' lang='lat' dir='ltr'><strong><em>ignem</em></strong></span> <span class='ocrx_word' id='word_1_363' title='bbox 1657 2270 1786 2308; x_wconf 84' lang='lat' dir='ltr'><strong><em>facere</em></strong></span> <span class='ocrx_word' id='word_1_364' title='bbox 1812 2269 1920 2318; x_wconf 84' lang='lat' dir='ltr'><strong><em>apud</em></strong></span> <span class='ocrx_word' id='word_1_365' title='bbox 1943 2269 2075 2308; x_wconf 88' lang='lat' dir='ltr'><strong><em>Plaut.</em></strong></span> 
     </span>
     <span class='ocr_line' id='line_1_34' title="bbox 330 2335 1197 2386; baseline -0.006 -8"><span class='ocrx_word' id='word_1_366' title='bbox 330 2339 435 2378; x_wconf 83' lang='lat' dir='ltr'><strong><em>Rud.</em></strong></span> <span class='ocrx_word' id='word_1_367' title='bbox 457 2340 513 2376; x_wconf 94' lang='lat'><strong><em>76</em></strong></span> <span class='ocrx_word' id='word_1_368' title='bbox 524 2340 565 2385; x_wconf 88' lang='lat'><strong><em>7;</em></strong></span> <span class='ocrx_word' id='word_1_369' title='bbox 589 2337 689 2386; x_wconf 91' lang='lat' dir='ltr'><strong><em>Nep.</em></strong></span> <span class='ocrx_word' id='word_1_370' title='bbox 709 2337 829 2375; x_wconf 89' lang='lat' dir='ltr'><strong><em>Eum.</em></strong></span> <span class='ocrx_word' id='word_1_371' title='bbox 857 2338 894 2381; x_wconf 87' lang='lat'><strong><em>9,</em></strong></span> <span class='ocrx_word' id='word_1_372' title='bbox 915 2337 942 2374; x_wconf 88' lang='lat'><em>3</em></span> <span class='ocrx_word' id='word_1_373' title='bbox 968 2335 1197 2383; x_wconf 88' lang='lat' dir='ltr'><strong><em>similiaque.</em></strong></span> 
     </span>
    </p>

    <p class='ocr_par' dir='ltr' id='par_1_12' title="bbox 449 2400 1393 2459">
     <span class='ocr_line' id='line_1_35' title="bbox 449 2400 1393 2459; baseline -0.005 -11"><span class='ocrx_word' id='word_1_374' title='bbox 449 2411 517 2453; x_wconf 82' lang='lat'><strong><em>85,</em></strong></span> <span class='ocrx_word' id='word_1_375' title='bbox 541 2411 607 2448; x_wconf 85' lang='lat'><strong><em>12.</em></strong></span> <span class='ocrx_word' id='word_1_376' title='bbox 640 2421 741 2458; x_wconf 85' lang='lat' dir='ltr'><strong><em>quae</em></strong></span> <span class='ocrx_word' id='word_1_377' title='bbox 766 2404 848 2459; x_wconf 86' lang='lat' dir='ltr'><strong><em>res]</em></strong></span> <span class='ocrx_word' id='word_1_378' title='bbox 874 2408 920 2456; x_wconf 75' lang='lat' dir='ltr'><strong><em>cf.</em></strong></span> <span class='ocrx_word' id='word_1_379' title='bbox 946 2406 1135 2446; x_wconf 81' lang='lat' dir='ltr'><strong><em>Steinthal</em></strong></span> <span class='ocrx_word' id='word_1_380' title='bbox 1159 2400 1209 2443; x_wconf 77' lang='lat'><strong><em>1²</em></strong></span> <span class='ocrx_word' id='word_1_381' title='bbox 1226 2418 1267 2454; x_wconf 88' lang='lat' dir='ltr'><strong><em>p.</em></strong></span> <span class='ocrx_word' id='word_1_382' title='bbox 1295 2406 1393 2444; x_wconf 85' lang='lat'><strong><em>355.</em></strong></span> 
     </span>
    </p>

    <p class='ocr_par' dir='ltr' id='par_1_13' title="bbox 329 2470 2073 2591">
     <span class='ocr_line' id='line_1_36' title="bbox 449 2470 2073 2523; baseline -0.003 -10"><span class='ocrx_word' id='word_1_383' title='bbox 449 2476 517 2523; x_wconf 88' lang='lat'><strong><em>85,</em></strong></span> <span class='ocrx_word' id='word_1_384' title='bbox 541 2476 606 2512; x_wconf 89' lang='lat'><strong><em>14.</em></strong></span> <span class='ocrx_word' id='word_1_385' title='bbox 655 2474 714 2522; x_wconf 79' lang='lat' dir='ltr'><strong><em>Cf.</em></strong></span> <span class='ocrx_word' id='word_1_386' title='bbox 741 2474 864 2512; x_wconf 85' lang='lat' dir='ltr'><strong><em>Pauw</em></strong></span> <span class='ocrx_word' id='word_1_387' title='bbox 890 2473 943 2511; x_wconf 90' lang='lat' dir='ltr'><strong><em>ad</em></strong></span> <span class='ocrx_word' id='word_1_388' title='bbox 966 2473 1111 2520; x_wconf 72' lang='lat' dir='ltr'><strong><em>Phryn.</em></strong></span> <span class='ocrx_word' id='word_1_389' title='bbox 1129 2483 1173 2519; x_wconf 92' lang='lat' dir='ltr'><strong><em>p.</em></strong></span> <span class='ocrx_word' id='word_1_390' title='bbox 1196 2474 1248 2509; x_wconf 93' lang='lat'><strong><em>71</em></strong></span> <span class='ocrx_word' id='word_1_391' title='bbox 1270 2471 1367 2509; x_wconf 89' lang='lat' dir='ltr'><strong><em>Lob.</em></strong></span> <span class='ocrx_word' id='word_1_392' title='bbox 1405 2470 1510 2510; x_wconf 83' lang='lat' dir='ltr'><strong><em>Sane</em></strong></span> <span class='ocrx_word' id='word_1_393' title='bbox 1534 2472 1576 2510; x_wconf 85' lang='lat' dir='ltr'><strong><em>vi</em></strong></span> <span class='ocrx_word' id='word_1_394' title='bbox 1600 2472 1812 2518; x_wconf 85' lang='lat' dir='ltr'><strong><em>requiritur</em></strong></span> <span class='ocrx_word' id='word_1_395' title='bbox 1829 2473 1992 2519; x_wconf 85' lang='lat' dir='ltr'><strong><em>propter</em></strong></span> <span class='ocrx_word' id='word_1_396' title='bbox 2016 2481 2073 2509; x_wconf 84' lang='lat' dir='ltr'><strong><em>se·</em></strong></span> 
     </span>
     <span class='ocr_line' id='line_1_37' title="bbox 329 2535 1391 2591; baseline -0.006 -11"><span class='ocrx_word' id='word_1_397' title='bbox 329 2542 496 2590; x_wconf 82' lang='lat' dir='ltr'><strong><em>quentia,</em></strong></span> <span class='ocrx_word' id='word_1_398' title='bbox 523 2541 591 2579; x_wconf 87' lang='lat' dir='ltr'><strong><em>etsi</em></strong></span> <span class='ocrx_word' id='word_1_399' title='bbox 615 2536 685 2591; x_wconf 87' lang='lat' dir='ltr'><strong><em>&lt;id</em></strong></span> <span class='ocrx_word' id='word_1_400' title='bbox 711 2551 735 2577; x_wconf 83' lang='lat' dir='ltr'><strong><em>a</em></strong></span> <span class='ocrx_word' id='word_1_401' title='bbox 759 2535 829 2590; x_wconf 82' lang='lat' dir='ltr'><strong><em>vi&gt;</em></strong></span> <span class='ocrx_word' id='word_1_402' title='bbox 853 2550 940 2577; x_wconf 91' lang='lat' dir='ltr'><strong><em>cum</em></strong></span> <span class='ocrx_word' id='word_1_403' title='bbox 963 2538 1028 2586; x_wconf 85' lang='lat' dir='ltr'><strong><em>Sp.</em></strong></span> <span class='ocrx_word' id='word_1_404' title='bbox 1054 2536 1234 2585; x_wconf 87' lang='lat' dir='ltr'><strong><em>supplere</em></strong></span> <span class='ocrx_word' id='word_1_405' title='bbox 1250 2538 1391 2584; x_wconf 88' lang='lat' dir='ltr'><strong><em>possis.</em></strong></span> 
     </span>
    </p>

    <p class='ocr_par' dir='ltr' id='par_1_14' title="bbox 329 2605 2074 2790">
     <span class='ocr_line' id='line_1_38' title="bbox 450 2605 2074 2660; baseline -0.003 -10"><span class='ocrx_word' id='word_1_406' title='bbox 450 2613 518 2660; x_wconf 89' lang='lat'><strong><em>85,</em></strong></span> <span class='ocrx_word' id='word_1_407' title='bbox 540 2612 606 2650; x_wconf 87' lang='lat'><strong><em>16.</em></strong></span> <span class='ocrx_word' id='word_1_408' title='bbox 638 2610 682 2649; x_wconf 84' lang='lat' dir='ltr'><strong><em>Si</em></strong></span> <span class='ocrx_word' id='word_1_409' title='bbox 699 2613 798 2649; x_wconf 89' lang='lat' dir='ltr'><strong><em>recte</em></strong></span> <span class='ocrx_word' id='word_1_410' title='bbox 809 2609 974 2649; x_wconf 84' lang='lat' dir='ltr'><strong><em>visenda</em></strong></span> <span class='ocrx_word' id='word_1_411' title='bbox 989 2630 1044 2635; x_wconf 92' lang='lat'><strong>—</strong></span> <span class='ocrx_word' id='word_1_412' title='bbox 1063 2607 1244 2647; x_wconf 84' lang='lat' dir='ltr'><strong><em>invident</em></strong></span> <span class='ocrx_word' id='word_1_413' title='bbox 1255 2611 1394 2656; x_wconf 85' lang='lat' dir='ltr'><strong><em>poetae</em></strong></span> <span class='ocrx_word' id='word_1_414' title='bbox 1411 2609 1673 2656; x_wconf 76' lang='lat' dir='ltr'><strong><em>fraqmentum</em></strong></span> <span class='ocrx_word' id='word_1_415' title='bbox 1692 2618 1771 2646; x_wconf 84' lang='lat' dir='ltr'><strong><em>esse</em></strong></span> <span class='ocrx_word' id='word_1_416' title='bbox 1788 2608 1922 2646; x_wconf 90' lang='lat' dir='ltr'><strong><em>statuit</em></strong></span> <span class='ocrx_word' id='word_1_417' title='bbox 1931 2605 2074 2655; x_wconf 77' lang='lat' dir='ltr'><strong><em>A.Sp.,</em></strong></span> 
     </span>
     <span class='ocr_line' id='line_1_39' title="bbox 329 2670 2073 2726; baseline -0.004 -10"><span class='ocrx_word' id='word_1_418' title='bbox 329 2679 518 2726; x_wconf 74' lang='lat' dir='ltr'><strong><em>corriyere</em></strong></span> <span class='ocrx_word' id='word_1_419' title='bbox 544 2677 676 2726; x_wconf 88' lang='lat' dir='ltr'><strong><em>possis</em></strong></span> <span class='ocrx_word' id='word_1_420' title='bbox 700 2697 724 2714; x_wconf 68' lang='grc' dir='ltr'><strong>υ</strong></span> <span class='ocrx_word' id='word_1_421' title='bbox 748 2709 769 2714; x_wconf 87' lang='grc'>-</span> <span class='ocrx_word' id='word_1_422' title='bbox 796 2675 960 2714; x_wconf 78' lang='lat' dir='ltr'><strong><em>visenda</em></strong></span> <span class='ocrx_word' id='word_1_423' title='bbox 984 2672 1167 2725; x_wconf 74' lang='lat' dir='ltr'><strong><em>vigilant,</em></strong></span> <span class='ocrx_word' id='word_1_424' title='bbox 1191 2673 1395 2725; x_wconf 84' lang='lat' dir='ltr'><strong><em>vigilando</em></strong></span> <span class='ocrx_word' id='word_1_425' title='bbox 1431 2670 1621 2712; x_wconf 77' lang='lat' dir='ltr'><strong><em>invident.</em></strong></span> <span class='ocrx_word' id='word_1_426' title='bbox 1665 2672 1773 2711; x_wconf 84' lang='lat' dir='ltr'><strong><em>Certe</em></strong></span> <span class='ocrx_word' id='word_1_427' title='bbox 1796 2672 1979 2723; x_wconf 74' lang='lat' dir='ltr'><strong><em>vigilant,</em></strong></span> <span class='ocrx_word' id='word_1_428' title='bbox 2012 2673 2073 2710; x_wconf 88' lang='lat' dir='ltr'><strong><em>in-</em></strong></span> 
     </span>
     <span class='ocr_line' id='line_1_40' title="bbox 329 2739 1437 2790; baseline -0.005 -9"><span class='ocrx_word' id='word_1_429' title='bbox 329 2743 468 2782; x_wconf 84' lang='lat' dir='ltr'><strong><em>vident</em></strong></span> <span class='ocrx_word' id='word_1_430' title='bbox 491 2743 643 2790; x_wconf 76' lang='lat' dir='ltr'><strong><em>formae</em></strong></span> <span class='ocrx_word' id='word_1_431' title='bbox 666 2742 883 2790; x_wconf 73' lang='lat' dir='ltr'><strong><em>fraymento</em></strong></span> <span class='ocrx_word' id='word_1_432' title='bbox 908 2740 1077 2788; x_wconf 84' lang='lat' dir='ltr'><strong><em>aptiores</em></strong></span> <span class='ocrx_word' id='word_1_433' title='bbox 1101 2749 1220 2787; x_wconf 90' lang='lat' dir='ltr'><strong><em>quam</em></strong></span> <span class='ocrx_word' id='word_1_434' title='bbox 1245 2739 1437 2787; x_wconf 82' lang='lat' dir='ltr'><strong><em>exemplis.</em></strong></span> 
     </span>
    </p>

    <p class='ocr_par' dir='ltr' id='par_1_15' title="bbox 323 2802 2075 3059">
     <span class='ocr_line' id='line_1_41' title="bbox 450 2802 2075 2862; baseline -0.004 -10"><span class='ocrx_word' id='word_1_435' title='bbox 450 2814 518 2862; x_wconf 89' lang='lat'><strong><em>85,</em></strong></span> <span class='ocrx_word' id='word_1_436' title='bbox 541 2814 606 2852; x_wconf 87' lang='lat'><strong><em>17.</em></strong></span> <span class='ocrx_word' id='word_1_437' title='bbox 664 2811 760 2851; x_wconf 83' lang='lat' dir='ltr'><strong><em>Acci</em></strong></span> <span class='ocrx_word' id='word_1_438' title='bbox 791 2812 1054 2860; x_wconf 74' lang='lat' dir='ltr'><strong><em>fraymentum</em></strong></span> <span class='ocrx_word' id='word_1_439' title='bbox 1078 2814 1169 2860; x_wconf 90' lang='lat' dir='ltr'><strong><em>post</em></strong></span> <span class='ocrx_word' id='word_1_440' title='bbox 1204 2811 1303 2849; x_wconf 85' lang='lat' dir='ltr'><strong><em>alios</em></strong></span> <span class='ocrx_word' id='word_1_441' title='bbox 1339 2812 1527 2848; x_wconf 82' lang='lat' dir='ltr'><strong><em>statuerat</em></strong></span> <span class='ocrx_word' id='word_1_442' title='bbox 1562 2809 1730 2848; x_wconf 79' lang='lat' dir='ltr'><strong><em>Ribbeck</em></strong></span> <span class='ocrx_word' id='word_1_443' title='bbox 1764 2810 1906 2857; x_wconf 76' lang='lat' dir='ltr'><strong><em>fraym.</em></strong></span> <span class='ocrx_word' id='word_1_444' title='bbox 1957 2802 2075 2856; x_wconf 81' lang='lat' dir='ltr'><strong><em>tra9.²</em></strong></span> 
     </span>
     <span class='ocr_line' id='line_1_42' title="bbox 323 2871 2075 2928; baseline -0.004 -11"><span class='ocrx_word' id='word_1_445' title='bbox 323 2892 366 2928; x_wconf 88' lang='lat' dir='ltr'><strong><em>p.</em></strong></span> <span class='ocrx_word' id='word_1_446' title='bbox 392 2880 480 2918; x_wconf 79' lang='lat'><strong><em>226</em></strong></span> <span class='ocrx_word' id='word_1_447' title='bbox 516 2878 570 2927; x_wconf 90' lang='lat' dir='ltr'><strong><em>(et</em></strong></span> <span class='ocrx_word' id='word_1_448' title='bbox 592 2880 734 2927; x_wconf 76' lang='lat' dir='ltr'><strong><em>fraqm.</em></strong></span> <span class='ocrx_word' id='word_1_449' title='bbox 760 2871 873 2916; x_wconf 79' lang='lat' dir='ltr'><strong><em>com,²</em></strong></span> <span class='ocrx_word' id='word_1_450' title='bbox 890 2889 931 2925; x_wconf 91' lang='lat' dir='ltr'><strong><em>p.</em></strong></span> <span class='ocrx_word' id='word_1_451' title='bbox 961 2875 1184 2925; x_wconf 82' lang='lat' dir='ltr'><em>0XXIX):</em></span> <span class='ocrx_word' id='word_1_452' title='bbox 1218 2877 1413 2914; x_wconf 88' lang='lat' dir='ltr'><strong><em>oblocutus</em></strong></span> <span class='ocrx_word' id='word_1_453' title='bbox 1437 2877 1491 2912; x_wconf 87' lang='lat' dir='ltr'><strong><em>est</em></strong></span> <span class='ocrx_word' id='word_1_454' title='bbox 1514 2874 1563 2912; x_wconf 91' lang='lat' dir='ltr'><strong><em>L.</em></strong></span> <span class='ocrx_word' id='word_1_455' title='bbox 1584 2873 1753 2912; x_wconf 85' lang='lat' dir='ltr'><strong><em>Mueller</em></strong></span> <span class='ocrx_word' id='word_1_456' title='bbox 1776 2873 1903 2912; x_wconf 83' lang='lat' dir='ltr'><strong><em>Lucil.</em></strong></span> <span class='ocrx_word' id='word_1_457' title='bbox 1923 2885 1967 2922; x_wconf 87' lang='lat' dir='ltr'><strong><em>p.</em></strong></span> <span class='ocrx_word' id='word_1_458' title='bbox 1986 2873 2075 2911; x_wconf 74' lang='lat'><strong><em>320</em></strong></span> 
     </span>
     <span class='ocr_line' id='line_1_43' title="bbox 338 2937 2071 2991; baseline -0.005 -8"><span class='ocrx_word' id='word_1_459' title='bbox 338 2945 497 2983; x_wconf 83' lang='lat' dir='ltr'><strong><em>Victorii</em></strong></span> <span class='ocrx_word' id='word_1_460' title='bbox 522 2945 563 2982; x_wconf 89' lang='lat' dir='ltr'><strong><em>et</em></strong></span> <span class='ocrx_word' id='word_1_461' title='bbox 587 2944 763 2982; x_wconf 79' lang='lat' dir='ltr'><strong><em>anticum</em></strong></span> <span class='ocrx_word' id='word_1_462' title='bbox 787 2943 976 2991; x_wconf 88' lang='lat' dir='ltr'><strong><em>recipiens</em></strong></span> <span class='ocrx_word' id='word_1_463' title='bbox 1000 2943 1162 2990; x_wconf 86' lang='lat' dir='ltr'><strong><em>itemque</em></strong></span> <span class='ocrx_word' id='word_1_464' title='bbox 1179 2941 1383 2979; x_wconf 76' lang='lat' dir='ltr'><strong><em>Baehrens</em></strong></span> <span class='ocrx_word' id='word_1_465' title='bbox 1406 2941 1450 2979; x_wconf 84' lang='lat' dir='ltr'><strong><em>in</em></strong></span> <span class='ocrx_word' id='word_1_466' title='bbox 1467 2940 1706 2978; x_wconf 77' lang='lat' dir='ltr'><strong><em>Fleckeiseni</em></strong></span> <span class='ocrx_word' id='word_1_467' title='bbox 1723 2937 1870 2977; x_wconf 83' lang='lat' dir='ltr'><strong><em>Annal.</em></strong></span> <span class='ocrx_word' id='word_1_468' title='bbox 1897 2950 1934 2978; x_wconf 89' lang='lat' dir='ltr'><strong><em>a.</em></strong></span> <span class='ocrx_word' id='word_1_469' title='bbox 1957 2938 2071 2976; x_wconf 78' lang='lat'><strong><em>1884</em></strong></span> 
     </span>
     <span class='ocr_line' id='line_1_44' title="bbox 324 3005 2072 3059; baseline -0.004 -11"><span class='ocrx_word' id='word_1_470' title='bbox 324 3022 367 3059; x_wconf 92' lang='lat' dir='ltr'><strong><em>p.</em></strong></span> <span class='ocrx_word' id='word_1_471' title='bbox 385 3011 471 3048; x_wconf 85' lang='lat'><strong><em>837</em></strong></span> <span class='ocrx_word' id='word_1_472' title='bbox 490 3012 524 3048; x_wconf 87' lang='lat' dir='ltr'><strong><em>et</em></strong></span> <span class='ocrx_word' id='word_1_473' title='bbox 542 3008 664 3047; x_wconf 83' lang='lat' dir='ltr'><strong><em>FPR.</em></strong></span> <span class='ocrx_word' id='word_1_474' title='bbox 682 3019 726 3056; x_wconf 91' lang='lat' dir='ltr'><strong><em>p.</em></strong></span> <span class='ocrx_word' id='word_1_475' title='bbox 744 3008 798 3047; x_wconf 80' lang='lat'><strong><em>54</em></strong></span> <span class='ocrx_word' id='word_1_476' title='bbox 817 3007 957 3046; x_wconf 86' lang='lat' dir='ltr'><strong><em>inani-a</em></strong></span> <span class='ocrx_word' id='word_1_477' title='bbox 976 3009 1175 3055; x_wconf 85' lang='lat' dir='ltr'><strong><em>temptans.</em></strong></span> <span class='ocrx_word' id='word_1_478' title='bbox 1206 3006 1299 3045; x_wconf 89' lang='lat' dir='ltr'><strong><em>Post</em></strong></span> <span class='ocrx_word' id='word_1_479' title='bbox 1316 3017 1410 3054; x_wconf 91' lang='lat' dir='ltr'><strong><em>quos</em></strong></span> <span class='ocrx_word' id='word_1_480' title='bbox 1423 3005 1592 3044; x_wconf 79' lang='lat' dir='ltr'><strong><em>Ribbeck</em></strong></span> <span class='ocrx_word' id='word_1_481' title='bbox 1615 3006 1658 3043; x_wconf 89' lang='lat' dir='ltr'><strong><em>in</em></strong></span> <span class='ocrx_word' id='word_1_482' title='bbox 1682 3005 1794 3043; x_wconf 88' lang='lat' dir='ltr'><strong><em>tertia</em></strong></span> <span class='ocrx_word' id='word_1_483' title='bbox 1817 3005 1960 3053; x_wconf 75' lang='lat' dir='ltr'><strong><em>fraym.</em></strong></span> <span class='ocrx_word' id='word_1_484' title='bbox 1974 3005 2072 3051; x_wconf 74' lang='lat' dir='ltr'><strong><em>tray.</em></strong></span> 
     </span>
    </p>
   </div>
  </div>
 </body>
</html>
