2176 3386
330 141 417 183 252
1014 140 1394 177 ADNOTATIONES

452 255 520 302 22,
543 254 608 292 19.
642 253 779 298 oculis,
805 253 907 301 quod
931 253 1134 301 Scioppius
1160 253 1267 298 delet,
1292 255 1440 292 tutatur
1463 254 1605 292 Festus
1631 247 1694 305 (=
1720 266 1791 303 per
1815 248 1980 307 oculos).
2039 277 2044 280 <

453 317 520 368 22,
543 320 608 358 20.
641 314 740 369 (in)
766 330 880 357 omne
907 317 1012 368 quod
1037 319 1215 356 nascitur
1238 318 1343 369 ignis
1369 331 1410 357 se
1435 318 1540 357 indit
1562 317 1688 357 C'auat
1708 314 1831 370 (indit
1855 313 2081 378 cumScal),

331 385 464 422 miuus
491 387 599 428 recte,
625 385 718 431 quia
744 384 792 422 ab
817 384 900 431 iqui
923 385 1005 421 vita
1029 385 1118 431 ipsa
1144 383 1308 421 ducitur.

453 456 521 504 23,
544 457 580 493 2.
612 455 750 506 fulgur
774 466 823 493 ne
847 456 1021 503 corriqas
1046 466 1132 493 cum
1154 453 1302 493 Canale
1328 457 1362 493 et
1379 453 1429 493 A.
1443 453 1508 503 Sp.
1537 455 1583 502 cf.
1604 454 1703 493 Isid.
1726 454 1850 492 XIII
1866 456 1904 499 9,
1923 457 1953 494 2
1975 456 2081 494 item·

333 532 404 568 que
435 521 596 567 exempli
621 532 649 559 c.
679 519 755 558 Cic.
780 519 909 558 Somu.
935 519 1037 567 Scip.
1066 522 1121 557 17
1148 514 1234 572 (ille
1260 519 1394 571 fulgor
1419 521 1489 570 qui
1514 519 1661 558 dicitur
1684 514 1829 573 Iovis),
1858 518 1941 559 Ta.
1967 532 1998 558 s.
2024 532 2084 567 u,-

333 596 570 634 quamquam
595 587 642 634 cf.
665 585 812 623 Thulin
830 583 948 623 Aroh.
970 585 1083 623 XIV
1097 597 1140 633 p.
1169 586 1256 623 369
1268 595 1346 632 sqq.
1374 584 1496 632 (376.
1525 583 1648 633 379).

456 652 523 700 23,
545 652 582 689 3.
624 650 834 689 contrariis
860 650 935 689 diis
963 650 1015 688 ad
1040 651 1237 698 sequentia
1261 653 1432 698 spectare
1455 650 1568 688 multi
1603 651 1860 688 coniecerunt:
1892 650 1996 688 velut
2027 650 2084 689 sic
2115 670 2117 674 ·

333 717 466 754 scribit
490 717 658 764 Madviy
676 714 779 754 Adv.
798 716 856 753 II
869 728 910 763 Ρ.
932 717 1031 753 167.·
1055 716 1190 753 ictum.
1221 716 1261 752 in
1291 715 1499 753 contrariis
1525 714 1585 753 dis
1612 714 1661 752 ab
1688 714 1821 762 (aliter
1839 714 2079 754 ReiterObs.

336 783 416 819 crit.
436 793 480 829 p.
510 781 633 830 9sq.).

454 854 522 901 23,
544 855 580 892 6.
619 852 753 890 Velini
786 853 866 890 scil.
893 853 1077 899 fluminis.
1123 852 1218 890 Noli
1250 852 1296 890 de
1321 851 1411 889 lacu
1436 851 1578 890 Velino
1614 852 1798 899 coyitare:
1829 863 1925 889 ‘nam
1953 851 2084 889 lacum

335 917 471 956 Velini
497 919 598 956 idem
625 918 751 957 Varro
777 917 813 956 d.
840 930 871 955 r.
898 929 930 955 r.
957 917 1038 954 III
1059 919 1099 962 2,
1122 918 1148 955 3
1173 917 1296 961 habet,
1323 917 1390 954 ubi
1415 917 1460 964 cf.
1489 917 1580 954 adn.
1606 917 1737 955 Keilii.

455 990 522 1037 23,
545 990 580 1026 7.
625 987 869 1027 Commotiae
901 988 1098 1036 vulyatam
1134 989 1202 1026 etsi
1235 990 1458 1036 receperuut
1482 976 1623 1032 omues,
1656 990 1786 1026 tamen
1809 987 1922 1026 valde
1947 987 1993 1026 dc
2017 999 2084 1026 ‘no-

334 1055 438 1092 minc
462 1054 686 1092 dubitamus
694 1067 708 1100 ,·
739 1055 855 1092 immo
887 1056 1149 1101 exspectamus
1174 1052 1249 1091 tale
1274 1053 1383 1102 quid,
1410 1053 1523 1101 quale
1551 1055 1604 1090 cst
1630 1052 1867 1091 commotilis
1899 1046 1962 1106 (ut
1986 1053 2084 1092 elee-

334 1119 438 1164 tilis,
463 1119 630 1163 fossilis,
658 1113 770 1172 alia).

457 1191 522 1239 23,
543 1191 609 1228 14.
645 1189 702 1238 Cf.
718 1190 875 1229 Schulze
888 1186 946 1227 ‘Z.
959 1188 1005 1228 G.
1017 1189 1053 1228 d.
1065 1189 1088 1228 l.
1097 1185 1280 1237 Eiyerm?
1293 1188 1497 1237 (1904)p.
1516 1189 1602 1227 465
1620 1191 1655 1228 et
1671 1189 1939 1237 Ditteuberyer
1948 1189 2086 1228 Herm.

336 1255 448 1293 XLI
464 1254 618 1304 (1906)
637 1267 680 1303 p.
698 1256 754 1294 86
780 1256 870 1294 adu.
893 1256 930 1293 3.
957 1275 1015 1281 —
1037 1252 1152 1293 Adde
1177 1255 1402 1293 testimoniis
1427 1254 1543 1293 Diod.
1572 1254 1686 1292 XXI
1699 1266 1742 1303 p.
1771 1255 1858 1292 493
1883 1254 1941 1293 ed.
1963 1253 2085 1293 Wess.

457 1328 525 1375 23,
548 1328 613 1365 17.
650 1326 709 1374 Cf.
736 1327 958 1365 Bluemlciu
982 1327 1025 1364 iu
1052 1325 1269 1374 Woelffli‘ni
1286 1324 1404 1364 Arch.
1434 1325 1550 1363 VIII
1563 1338 1605 1374 p.
1635 1326 1730 1364 586.
2078 1357 2082 1362 .

458 1393 526 1440 24,
549 1394 585 1430 1.
617 1392 785 1431 Fontem
812 1386 898 1445 (ubi
921 1391 1084 1430 Fortem
1102 1385 1297 1444 plerique)
1317 1393 1408 1439 post
1435 1391 1622 1429 Canalem
1647 1391 1934 1439 Berykiumque
1958 1391 2086 1430 viudi-

337 1459 438 1496 cavit
463 1458 566 1496 Boot
589 1458 612 1496 l.
639 1469 668 1496 s.
694 1469 724 1496 s.

458 1525 525 1572 24,
548 1524 584 1562 3.
621 1523 679 1571 Of.
703 1523 850 1562 Vahlen
869 1523 974 1561 Emi.
988 1533 1094 1570 poes.
1115 1523 1181 1562 rel.
1199 1533 1241 1569 p.
1266 1522 1448 1560 XXXII
1464 1524 1499 1559 ct
1522 1522 1574 1560 ad
1586 1519 1692 1559 Arm.
1713 1521 1744 1558 I
1761 1521 1812 1568 fr.
1827 1519 1939 1558 LIX
1957 1520 2002 1558 cd
2021 1520 2087 1559 alt.

458 1590 526 1638 24,
549 1590 601 1627 13
622 1600 676 1636 sq.
725 1588 783 1636 Of.
822 1590 923 1627 iutcr
959 1588 1057 1626 alios
1098 1588 1374 1635 Wackernayel
1411 1588 1457 1625 de
1487 1587 1633 1635 pathot.
1671 1588 1740 1625 vet.
1777 1585 1901 1624 initiis
1939 1584 2086 1633 (Basil.

340 1655 474 1703 1876)
497 1666 537 1702 p.
564 1656 620 1693 24
635 1666 688 1702 sq.

458 1721 526 1768 24,
548 1721 615 1758 20.
651 1719 709 1768 Of.
735 1719 893 1757 Schulze
920 1715 979 1756 τΖ.
1009 1717 1056 1756 G.
1083 1718 1119 1755 d.
1146 1718 1169 1755 l.
1196 1713 1378 1764 Etyma?
1398 1729 1442 1765 p.
1472 1718 1563 1754 173
1588 1717 1679 1754 adu.

460 1785 528 1834 24,
550 1786 615 1822 21.
649 1783 824 1837 γάργαρα
847 1783 1037 1831 δσαῑίῃσνὶ
1059 1783 1224 1831 ueylecto
1243 1782 1362 1821 Pauli
1387 1782 1598 1820 testimonio
1618 1781 1876 1828 Muellerique
1902 1792 2087 1819 commem-

337 1852 439 1888 tario
463 1851 542 1898 fuit
565 1852 632 1898 qui
655 1862 781 1898 nuper
807 1849 1094 1887 commendaret.

459 1917 526 1966 24,
548 1917 615 1954 25.
653 1915 858 1954 melander
876 1932 920 1943 =
941 1913 1159 1965 μελάνδρυς
1173 1924 1250 1961 pro
1269 1912 1514 1965 μελάνὸρυον
1533 1913 1687 1951 dictum.
1722 1910 1956 1961 melandrya
1974 1911 2086 1950 Laet.

460 1982 528 2030 24,
550 1981 618 2019 26.
658 1981 873 2019 vernacula
907 1981 996 2018 aute
1026 1977 1221 2018 vocabula
1252 1978 1368 2026 suppl
1392 1977 1476 2026 Sp„
1508 1989 1582 2025 pro
1608 1976 1804 2016 vocabula
1837 1976 2090 2014 substituebat

342 2047 480 2086 (janai.

461 2113 528 2161 25,
551 2112 587 2150 5.
624 2111 682 2159 Of.
708 2110 758 2149 L.
778 2110 940 2159 Spenyec
966 2103 1092 2148 ‘Uber
1117 2110 1153 2147 d.
1180 2105 1300 2147 Krit.’
1320 2120 1362 2156 p.
1385 2109 1473 2146 447
1498 2108 1588 2147 adu.
1603 2108 1651 2128 Η
1677 2107 1740 2156 (iu
1765 2107 1820 2146 ed.
1847 2105 2087 2155 moloc-tum).

463 2178 532 2226 25,
554 2180 590 2216 9.
623 2176 844 2229 κερκουρίς,
871 2175 973 2224 quod
997 2175 1087 2214 Scal
1111 2175 1303 2228 reiecerat,
1329 2173 1618 2212 commendabat
1641 2173 1751 2217 Mue,
1776 2173 1866 2210 item
1893 2173 1959 2211 Wi
1983 2166 2086 2224 (κέρ-

339 2257 483 2295 κουρος
503 2243 655 2291 quidem
674 2243 798 2290 piscis
815 2253 954 2280 nomeu
973 2252 1063 2285 esse,
1089 2240 1156 2279 sed
1181 2238 1357 2291 κερκίων,
1382 2236 1626 2291 κερκόρωνος
1643 2239 1803 2276 uomina
1822 2231 1986 2290 avium),
2013 2237 2087 2281 cui,

340 2309 530 2357 siquidem
563 2309 628 2346 vix
662 2307 942 2346 concedendum
969 2306 1124 2346 Waldio
1149 2317 1292 2344 samum
1330 2314 1408 2342 esse
1433 2304 1616 2348 cerceris‚
1649 2301 1841 2355 κερκήδης
1868 2304 1903 2340 et
1927 2303 2089 2349 propter

342 2375 560 2413 litterarum
584 2373 877 2412 similitudinem
903 2374 937 2410 et
954 2374 1116 2420 propter
1138 2371 1418 2419 ylossariorum
1442 2370 1678 2416 scripturam
1695 2367 1968 2415 praetulimus.

463 2446 531 2493 25,
548 2446 612 2483 14.
650 2445 758 2483 lutra
777 2445 831 2482 est
855 2444 921 2491 qui
948 2442 1162 2481 Varronem
1187 2441 1343 2479 duxisse
1367 2439 1480 2478 malit
1506 2452 1531 2477 a
1555 2439 1598 2476 lu
1628 2442 1663 2477 et
1685 2440 1794 2477 terra
1820 2438 1901 2477 coll.
1920 2450 1963 2486 p.
1979 2439 2048 2483 42,
2062 2439 2090 2475 9

345 2506 470 2563 (quod
489 2510 538 2548 ab
557 2512 665 2548 terra
685 2508 882 2559 agricolae
909 2508 1072 2546 solvunt
1094 2506 1137 2544 id
1163 2508 1224 2545 est
1249 2506 1380 2554 luunt,
1404 2499 1621 2557 lamecum:
1645 2505 1724 2543 uisi
1740 2505 1874 2551 potius
1897 2503 1993 2542 litra
2011 2513 2089 2551 pro

342 2576 417 2614 lira
444 2575 712 2623 corriyeudum
738 2585 817 2612 csse
840 2574 1016 2612 indicare
1039 2572 1188 2616 volebat
1212 2573 1278 2619 qui
1302 2571 1465 2618 scripsit.

465 2642 533 2689 25,
554 2642 621 2678 21.
657 2639 715 2687 Of.
735 2638 882 2677 Schoell
906 2639 950 2676 iu
976 2637 1195 2687 Woelffliui
1214 2635 1331 2674 Arclz.
1347 2636 1389 2673 X
1405 2648 1448 2683 p.
1467 2637 1552 2673 116
1571 2629 1691 2687 (adde
1718 2634 1783 2673 VI
1804 2635 1860 2672 88
1872 2645 1926 2681 sq.
1955 2635 2010 2671 93
2036 2632 2090 2671 ad

344 2707 622 2745 illustrandum
648 2704 784 2743 consul
810 2698 919 2757 ciat).

465 2772 533 2820 26,
553 2772 590 2808 4.
626 2770 684 2818 Cf.
698 2770 919 2808 Mommsen
933 2764 1126 2806 ‘Staatsr.'
1142 2767 1199 2804 II
1210 2762 1301 2814 1310.
1317 2768 1404 2806 223
1418 2766 1508 2804 adu.
1524 2765 1640 2813 (479.
1660 2765 1741 2802 511
1757 2765 1848 2802 adn.
1867 2763 1952 2802 542
1965 2762 2087 2811 adu).

466 2837 532 2886 26,
555 2837 591 2874 5.
627 2835 685 2883 C'f.
712 2834 870 2873 Schulee
895 2834 917 2872 l.
945 2845 974 2871 s.
1000 2844 1029 2872 s.
1049 2845 1092 2880 p.
1118 2833 1208 2871 218
1233 2833 1324 2870 adu.
1350 2833 1389 2870 4.

467 2902 534 2950 26,
557 2902 594 2939 8.
628 2900 805 2948 Coyitare
831 2900 963 2947 possis
988 2898 1034 2936 de
1058 2898 1122 2937 vel
1149 2892 1231 2951 (ult)
1256 2899 1349 2945 post
1372 2896 1578 2935 dicebatur
1601 2894 1816 2938 inserendo,
1850 2893 1954 2931 unde
1987 2893 2091 2931 duae

345 2969 559 3006 nascantur
578 2966 754 3004 diversae
774 2964 943 3002 eiusdem
961 2964 1230 3011 oriyiuatiouis
1248 2963 1602 3010 interpretationes,-
1625 2961 1684 2998 uti
1701 2970 1805 2997 nuuc
1822 2958 1940 2996 verba
1959 2958 2088 3006 legum*
2146 2981 2151 2990 .

347 3037 421 3078 tur,
447 3032 567 3070 verba
593 3030 699 3080 quod
725 3042 749 3068 a
775 3029 933 3068 consule
959 3028 1164 3067 dicebatur
1189 3028 1241 3066 ad
1267 3030 1415 3076 etymon
1441 3027 1595 3069 omniuo
1618 3036 1698 3063 uon
1721 3025 1902 3072 spectant.
