2144 3340
318 181 420 218 XXX
1008 182 1375 219 PROLEGOMENA

319 288 536 347 gendum).
589 289 671 333 Sed
698 292 748 332 ut
777 291 1039 345 imposierint
1067 292 1188 334 iuxta
1213 294 1398 346 posuerit
1427 292 1668 348 similiaque
1700 296 1883 350 exstant,
1914 295 1978 338 sic
2007 310 2070 338 ne-

318 362 616 415 imposiverunt
651 361 825 416 quidem
865 362 1107 418 similiaque
1141 362 1194 417 ad
1224 362 1406 404 aliorum
1433 362 1756 406 similitudinem
1790 365 2061 422 reformanda

319 435 455 475 erunt.
531 431 716 475 Omnino
754 447 842 474 non
885 434 1107 489 continget
1150 447 1199 476 ac
1240 448 1294 475 ne
1337 433 1625 489 appetendum
1663 435 1835 490 quidem
1873 438 1937 478 est
1967 437 2060 479 uni-

317 503 501 546 formem
547 504 722 546 reddere
763 503 970 546 Varronis
1021 519 1279 547 sermonem:
1334 518 1420 559 quo
1468 505 1514 547 in
1563 505 1705 548 studio
1753 507 1823 549 vel
1862 506 2062 564 Spengel,

320 574 515 630 quamvis
541 575 760 617 modestus
787 575 1040 631 sobriusque
1066 575 1197 618 fuerit
1223 575 1406 631 criticus,
1437 589 1563 631 saepe
1588 577 1744 619 nimius
1768 578 1863 620 fuit.
1905 577 2060 634 Neque

318 649 463 687 tamen
507 648 580 688 aut
611 646 808 688 volumus
847 649 921 688 aut
957 661 1185 702 possumus
1217 647 1300 689 1100
1329 648 1424 689 1000
1456 647 1629 690 uberius
1661 647 1772 691 hanc
1802 663 1892 691 rem
1921 664 2090 705 perse-x

320 717 405 772 qui,
439 731 566 772 quam
598 716 669 759 hic
699 717 865 759 11110111
896 720 1104 773 apparatu
1137 720 1178 759 et
1208 719 1255 759 in
1287 718 1635 760 adnotationibus
1666 720 1902 776 tetigimus,
1943 735 2062 776 prae-

320 788 466 829 sertim
507 802 605 830 cum
645 788 764 830 vario
804 788 931 830 modo
972 789 1019 831 in
1049 789 1372 845 grammaticam
1404 789 1704 844 inquisiverint
1736 804 1832 832 cum
1863 791 1938 833 alii
1967 793 2059 833 tum

318 857 372 900 H.
399 858 612 915 Reiter1),
651 858 703 901 A.
729 860 928 916 Mueller,
973 859 1019 903 Gr.
1045 859 1270 916 Heidrich‚
1310 859 1361 902 R.
1386 860 1683 917 Krumbiegel,
1726 861 1779 903 ad
1810 876 1918 916 quos
1947 862 2060 906 haud

317 944 413 972 raro
444 931 663 987 relegandi
693 931 876 974 lectores
909 934 1038 975 erant.

437 1001 529 1044 Iam
562 1017 647 1058 quo
678 1003 816 1045 fusius
849 1003 900 1045 de
930 1003 977 1045 F
1003 1002 1147 1045 codice
1180 1003 1482 1057 disputandum
1515 1005 1617 1058 erat,
1648 1017 1697 1045 eo
1730 1003 1944 1046 breviores
1970 1018 2061 1047 esse

317 1087 547 1128 possumus
590 1074 634 1115 in
679 1075 942 1129 reliquorum
986 1073 1195 1116 librorum
1239 1073 1533 1129 descriptione.
1596 1072 1708 1116 Nam
1746 1089 1799 1116 ex
1836 1074 1919 1117 hoc
1949 1075 2060 1117 libro

318 1144 522 1199 quicquid
553 1146 803 1200 ceteroquin
843 1145 1053 1187 librorum
1085 1147 1225 1187 exstat
1261 1145 1508 1200 provenisse
1538 1146 1702 1200 primus
1734 1146 1869 1188 edixit
1900 1145 1953 1189 A.
1973 1145 2060 1189 Mai

318 1215 466 1272 (praef.
501 1214 585 1258 Cic.
620 1216 671 1258 de
702 1208 791 1271 rep.'
822 1231 863 1271 p.
894 1214 1012 1273 XX),
1051 1215 1149 1258 dein
1180 1229 1225 1258 re
1257 1217 1495 1258 accuratius
1527 1217 1701 1272 cognita
1739 1215 1781 1258 C.
1814 1217 2062 1260 Lachmann

316 1286 465 1329 multis
497 1288 653 1342 quibus
686 1287 737 1330 de
756 1286 948 1330 Varrone
980 1287 1072 1343 agit
1101 1286 1208 1329 locis
1239 1289 1288 1329 ut
1312 1287 1441 1330 tacite
1466 1288 1528 1329 ita
1554 1287 1708 1330 diserte
1734 1287 1806 1344 (cf.
1827 1287 1911 1330 τΚΙ.
1927 1287 2060 1331 Schr.'

315 1357 358 1400 II
382 1373 422 1413 p.
447 1357 551 1415 191)
579 1362 621 1400 et
651 1361 752 1414 post
783 1372 880 1400 eum
911 1357 964 1400 H.
980 1357 1079 1400 Keil
1103 1357 1363 1415 Mus.{Rhen.
1390 1358 1472 1401 vol.
1493 1357 1556 1401 VI
1583 1359 1636 1415 (a.
1660 1358 1793 1416 1848)
1818 1375 1859 1415 p.
1890 1359 1973 1402 142
2000 1360 2062 1403 sic
2127 1393 2130 1395 -

316 1429 629 1484 iudicaverunt,
666 1430 850 1485 denique
888 1429 1050 1485 optime
1081 1429 1127 1472 L.
1154 1428 1338 1486 Spengel
1383 1419 1522 1472 ‘llber-
1559 1430 1627 1471 die
1658 1430 1803 1472 Kritik
1835 1431 1909 1472 der
1939 1430 2061 1474 Varr.

315 1500 487 1543 Bficher
518 1501 568 1543 de
600 1500 626 1543 1.
652 1501 696 1544 1.’
727 1516 768 1557 p.
794 1501 879 1543 431
897 1515 988 1556 sqq.
1021 1500 1329 1544 demonstravit
1370 1500 1441 1558 (cf.
1478 1499 1614 1544 Groth
1644 1503 1670 1543 1.
1698 1517 1727 1544 s.
1755 1516 1785 1544 s.
1811 1517 1850 1556 Ρ.
1878 1501 1905 1543 3
1925 1500 2061 1558 [81]):

320 1585 369 1614 ac
404 1587 458 1615 ne
495 1572 786 1628 fragmentum
819 1572 991 1628 quidem
1026 1571 1253 1614 Casinense
1284 1572 1645 1629 topographicum
1677 1573 1835 1615 saeculi
1865 1571 1967 1628 XII,
2009 1573 2062 1616 de

316 1657 402 1698 quo
434 1658 563 1699 supra
594 1645 774 1701 egimus,
814 1643 986 1685 aliunde
1019 1643 1296 1685 derivandum
1330 1658 1421 1686 esse
1451 1643 1647 1686 vidimus.
1711 1643 1886 1686 Ceteros
1917 1646 2060 1687 autem

253 1705 255 1709 ’
315 1714 450 1757 libros
492 1729 566 1757 cur
607 1729 704 1758 cum
747 1714 902 1757 Canale
943 1714 1040 1755 edit.
1081 1729 1122 1769 p.
1153 1713 1299 1756 XXIII
1313 1729 1373 1769 sq.
1416 1716 1459 1756 et
1489 1713 1768 1757 Antonibono
1809 1713 1979 1770 ‘SuppL
2018 1714 2061 1756 di

315 1786 469 1828 lezioni
511 1801 597 1828 var.
639 1786 680 1828 ai
718 1786 816 1828 libri
861 1786 912 1828 de
952 1786 978 1828 l.
1011 1785 1037 1828 l.
1079 1785 1122 1827 di
1153 1785 1211 1827 M.
1231 1785 1278 1827 T.
1299 1785 1366 1827 V?
1408 1783 1618 1842 (Bassano
1660 1784 1792 1842 1899)
1834 1801 1873 1840 p.
1909 1786 1967 1828 23
2008 1800 2061 1828 ex

317 1858 535 1900 communi
565 1857 685 1900 fonte
716 1858 861 1912 potius
887 1871 1015 1911 quam
1043 1871 1094 1899 ex
1124 1857 1217 1911 ipso
1244 1856 1494 1899 Florentino
1520 1859 1760 1911 repetamus
1785 1871 1864 1899 nec
1891 1871 2059 1900 causam

314 1942 394 1971 nec
424 1929 636 1971 rationem
669 1943 759 1970 esse
791 1928 995 1970 videmus.
1053 1926 1137 1969 Sed
1167 1927 1418 1982 priusquam
1449 1941 1690 1984 pergamus,
1723 1927 1918 1970 codicum
1951 1930 2061 1971 cete-

315 2014 460 2042 rorum
494 2000 567 2055 qui
597 2000 692 2042 noti
724 2002 824 2042 sunt
854 2013 1075 2041 recensum
1107 1998 1247 2041 visum
1279 2000 1343 2040 est
1375 1998 1577 2040 subicere.

437 2071 473 2113 1.
508 2071 597 2113 00(1.
642 2070 916 2113 Florentinus
956 2069 1266 2112 Laurentianus
1298 2068 1355 2111 LI
1373 2068 1400 2111 5
1446 2067 1490 2126 (f
1515 2069 1752 2126 Spengelii)
1794 2071 1895 2112 anni
1935 2069 2062 2124 1427,

316 2142 366 2184 de
399 2158 483 2198 quo
516 2142 796 2185 conferendus
817 2141 1004 2198 Spengel
1027 2140 1178 2196 praef.2
1195 2156 1235 2196 p.
1256 2140 1321 2183 III
1349 2143 1392 2183 et
1422 2139 1502 2197 IX3
1533 2141 1579 2183 in
1610 2142 1723 2183 calce
1753 2143 1950 2183 notatum
1976 2143 2060 2183 est:

315 2214 526 2256 Antonius
557 2214 701 2256 Marii
736 2213 852 2268 filius
886 2212 1162 2256 Florentium·
1200 2214 1302 2255 civis
1333 2212 1506 2255 absolvit
1534 2212 1778 2255 Florentiae
1805 2211 1941 2255 XIII
1957 2211 2058 2254 Kal.

321 2284 474 2328 Octobr.
500 2283 910 2327 MOGCOXXVH.
973 2283 1168 2326 Contulit
1198 2283 1409 2326 Henricus
1441 2283 1550 2325 Keil.

435 2356 473 2398 2.
506 2356 596 2398 cod.
629 2355 888 2398 Havniensis
921 2354 995 2412 (H
1024 2353 1264 2411 Spengelii)
1297 2354 1452 2397 saeculi
1477 2353 1572 2409 XV,
1603 2368 1691 2396 non
1714 2353 1832 2406 XIV,
1862 2356 1911 2396 ut
1934 2356 2061 2396 antea

314 2427 455 2471 visum
493 2429 585 2470 erat
615 2426 868 2469 Niebuhrio.
943 2425 1138 2469 Contulit
1169 2426 1215 2468 in
1244 2440 1370 2468 usum
1401 2424 1574 2467 Koeleri
1605 2425 1653 2467 B.
1679 2423 1894 2480 Niebuhr,
1938 2425 2057 2468 cuius

316 2499 488 2542 collatio
532 2498 578 2540 in
610 2496 828 2554 Spengelii
871 2512 1023 2541 manus
1066 2497 1237 2539 transiit
1281 2495 1351 2554 (cf.
1385 2496 1447 2538 ed.
1479 2511 1514 2538 a.
1556 2496 1670 2538 1826
1710 2511 1750 2551 Ρ.
1776 2495 1836 2551 X,
1878 2510 1914 2538 a.
1943 2495 2057 2538 1885

314 2586 354 2626 p.
382 2568 521 2626 VHI).

434 2641 473 2683 3.
507 2641 597 2684 cod.
631 2639 854 2684 Gothanus
887 2638 952 2698 (G
995 2638 1234 2697 Spengelii)
1267 2638 1424 2682 saeculi
1455 2637 1569 2681 XVI.
1632 2637 1827 2680 Contulit
1856 2638 1903 2680 in
1932 2651 2058 2680 usum

315 2712 514 2755 Muelleri
546 2711 697 2768 Rege13
728 2712 839 2754 unde
877 2712 1111 2767 scripturae
1156 2710 1484 2766 discrepantiam
1522 2709 1654 2752 edidit
1685 2708 1864 2752 Mueller
1902 2722 2058 2764 appen-

317 2783 422 2827 dicis
454 2798 493 2838 p.
521 2782 767 2825 270-298,
831 2781 1106 2838 Spengelium
1148 2782 1336 2824 codicem
1369 2781 1576 2823 evolvisse
1617 2795 1669 2822 ex
1708 2777 1858 2835 praef.²
1886 2794 1926 2834 p.
1952 2777 2059 2822 VIII

317 2854 531 2897 discimus.
574 2854 877 2897 Dubitationes
897 2854 1103 2909 quasdam
1117 2852 1314 2895 Andreae
1335 2851 1520 2910 Spengel
1538 2852 1721 2894 removit
1741 2850 1783 2892 C.
1798 2850 1847 2892 E.
1860 2848 2056 2905 Georges.

437 3020 470 3064 1)
496 3018 592 3054 Miro
629 3029 752 3054 errore
789 3018 889 3054 hunc
925 3018 1045 3053 virum
1070 3017 1112 3052 A.
1134 3016 1296 3062 Spengel
1332 3016 1372 3051 in
1410 3017 1594 3062 apparatu
1627 3015 1737 3050 modo
1763 3013 1922 3049 Reiter
1945 3012 2057 3047 modo

316 3077 429 3113 Rein
454 3078 684 3113 nominabat.
