2176 3386
867 147 1249 188 ADNOTA'HONES
1849 146 1936 190 299

301 266 400 316 215,
422 266 489 306 27.
530 262 700 318 wut<ae
725 260 1008 315 ooniunot>un
1042 262 1268 304 Wilmanns
1300 255 1551 315 (adiunctam
1586 254 1748 315 Vsener)
1772 263 1938 311 propter

175 332 400 375 amamus·
431 332 534 372 inter
555 331 650 372 haec
672 330 792 371 verba
817 332 852 371 et
882 330 1094 379 sequentia,
1128 339 1229 378 quae
1252 339 1324 368 cur
1346 328 1438 377 ipsa
1455 327 1591 376 potius
1616 338 1643 366 a
1669 325 1846 366 Varrone
1870 325 1937 366 ab·

175 398 397 439 iudicanda
418 398 499 437 sint
523 397 678 447 exponit
699 395 850 436 Sohoell
872 395 899 435 l.
922 405 954 435 s.
979 406 1011 435 s.
1029 407 1072 444 p.
1095 396 1151 435 44
1164 405 1220 444 sq.

279 470 400 518 216,
421 470 488 510 20.
519 467 727 523 βομβυκίῳ
746 478 824 518 pro
849 466 1056 507 bamborio
1090 466 1335 508 Wilmanns:
1357 464 1427 505 sed
1450 465 1499 513 cf.
1529 463 1641 504 Thes.
1665 463 1692 504 Ζ.
1716 464 1741 504 l.
1765 475 1799 504 s.
1822 476 1857 504 v.

301 536 400 585 217,
421 535 474 575 19
488 546 543 584 sq.
590 534 718 574 Verba
742 545 821 573 non
847 534 983 573 tamen
1008 562 1017 572 .
1045 563 1054 571 .
1081 563 1090 572 .
1116 532 1251 572 evenit
1275 543 1302 570 a
1336 530 1599 570 Wilrnannsio
1624 529 1679 579 (et
1702 530 1937 579 Funaiolio)

174 611 207 643 a
238 601 500 642 Varronianis
524 602 698 641 seiuncta
722 610 845 649 neque
868 601 967 639 recte
990 598 1139 649 dioesta
1164 609 1191 637 a
1214 597 1346 638 Keilio
1376 607 1449 636 cur
1472 598 1508 635 et
1531 596 1719 645 quomodo
1744 598 1843 636 recte
1867 608 1938 646 ap-

170 667 371 718 plicentur
394 667 501 708 docet
523 666 672 706 Schoell
697 665 723 705 l.
746 675 776 705 s.
802 676 833 705 s.
852 677 895 715 p.
923 665 991 704 82.

301 734 400 783 218,
420 732 459 772 8.
501 732 564 772 De
598 732 668 789 laeoc
706 732 924 781 fraqmento
958 730 1130 770 Varroni
1165 727 1403 770 vindicando
1434 729 1483 777 ef.
1515 727 1570 767 ad
1602 728 1700 774 136,
1723 728 1799 767 18:
1834 728 1937 776 quod

175 799 252 843 ,etsi
274 798 509 839 Martianus
535 796 697 847 Capella
723 798 852 837 eiusve
877 797 1013 836 auctor
1036 796 1204 845 fortasse
1229 796 1365 844 potius
1389 805 1435 834 m:
1459 794 1763 843 disciplinarum
1787 793 1886 833 libro
1911 793 1939 832 1

174 875 299 915 quam
329 876 376 904 ex
404 864 518 904 libris
542 864 590 904 de
613 874 788 903 sermone
812 863 935 902 latino
959 862 1227 911 desumpserit,
1262 863 1392 900 tamen
1416 860 1486 899 hoc
1511 860 1590 901 loeo
1616 859 1830 909 adiunqere
1853 871 1937 899 ma-

175 930 337 976 luimus,
363 931 601 980 praesm‘tim
627 940 715 968 cum
748 927 848 968 talia
882 930 998 969 etiam
1021 929 1066 968 in
1097 928 1159 967 his
1192 927 1307 968 libris
1331 926 1506 966 docuisse
1539 925 1757 965 Varronem
1779 927 1864 965 veri
1887 927 1939 966 sit

173 996 432 1037 similimum.

301 1069 487 1118 219,14.
539 1068 667 1107 Verba
703 1078 803 1116 quae
839 1066 949 1116 apud
982 1066 1287 1116 yrammaticum
1322 1066 1539 1114 sequuntur
1569 1062 1754 1116 περίοδος
1792 1063 1940 1104 dicitur

175 1133 308 1174 omnis
341 1129 589 1186 (circuitus)
616 1154 672 1160 —-
697 1134 755 1172 sic
789 1133 893 1172 enim
926 1143 1015 1171 cum
1048 1130 1339 1170 Wachsmuthio
1372 1130 1532 1178 scripsit
1554 1150 1614 1157 —
1640 1160 1648 1168 .
1676 1161 1685 1171 .
1715 1160 1723 1169 .
1748 1129 1940 1176 versibus,

180 1211 281 1249 quae
303 1200 466 1240 seclusis
490 1211 586 1240 cumi
606 1199 777 1238 Vsenero
801 1198 942 1237 mediis
965 1196 1073 1236 unde
1098 1209 1146 1236 ea
1165 1208 1270 1246 quae
1287 1195 1451 1235 modum
1472 1197 1512 1235 et
1537 1207 1766 1235 mensuram
1790 1194 1940 1235 habent

177 1266 308 1304 metra.
341 1264 450 1304 dicte.
482 1266 576 1305 sunt
602 1264 810 1314 prioribus
843 1263 1081 1312 adiunqebat
1113 1261 1356 1307 Wilmamns,
1388 1264 1487 1301 recte
1518 1273 1545 1301 a
1577 1261 1754 1301 Varrone
1784 1261 1939 1301 abiudi-

175 1332 283 1371 cavit
304 1330 406 1370 Keil.

301 1403 400 1452 220,
423 1405 459 1442 1.
500 1404 757 1452 vocaverunt,
782 1401 846 1440 vel
876 1401 974 1440 haec
999 1400 1220 1451 appellatio
1244 1398 1447 1439 tenebitur
1471 1411 1563 1438 cum
1588 1429 1597 1437 .
1625 1429 1634 1438 .
1661 1429 1669 1438 .
1696 1397 1939 1438 Graecorum

174 1469 338 1509 seclusis
374 1480 513 1508 versus
546 1497 555 1506 .
582 1499 591 1508 .
619 1500 627 1508 .
652 1466 811 1507 dicatur
843 1467 1068 1506 Wilmanns
1104 1478 1191 1506 cwm
1231 1465 1421 1512 Vsenero,·
1457 1467 1713 1504 vocaverunt.
1770 1464 1939 1504 abusiva.

178 1536 315 1575 autem
333 1534 425 1574 Keil
447 1534 622 1583 itemwe,
647 1534 715 1573 sed
732 1546 827 1573 vero
845 1532 1048 1572 Funaiobi.
1080 1530 1137 1571 At
1152 1532 1271 1572 verba
1290 1531 1355 1571 vel
1378 1531 1478 1570 haec
1503 1530 1725 1583 appellatio
1750 1543 1840 1571 cum
1863 1533 1939 1570 toto

175 1611 326 1641 eoum
349 1601 659 1650 supplementum
684 1599 908 1639 desiderant
931 1597 1046 1648 quale
1063 1599 1357 1647 proposuimus.

300 1673 400 1723 221,
421 1673 458 1711 1.
497 1672 625 1711 Verba
649 1671 804 1723 poetice
825 1701 833 1710 .
854 1701 863 1709 .
884 1700 892 1709 .
912 1670 1079 1709 Homeri
1110 1681 1172 1708 om
1196 1668 1407 1708 Funaioli:
1437 1679 1538 1718 quae
1563 1671 1692 1708 tamen
1717 1680 1764 1708 ex
1786 1670 1939 1709 ratione

175 1749 259 1789 qua
282 1749 370 1777 cum
382 1737 533 1778 Lucilii
554 1738 731 1777 versibus
755 1737 846 1776 338
857 1748 935 1786 sqq.
962 1735 1050 1785 (ubi
1072 1736 1161 1775 vide
1173 1734 1402 1783 Marxiwm)
1428 1737 1464 1774 et
1486 1745 1575 1773 cum
1598 1735 1726 1783 ipsius
1747 1734 1940 1774 Varronis

179 1805 260 1844 loeo
279 1815 326 1844 ιω
337 1803 582 1843 Parmenone
599 1805 856 1848 continentur,
875 1813 954 1841 non
972 1802 1154 1841 videntur
1167 1801 1372 1841 eximenda
1389 1812 1436 1840 ex
1453 1811 1600 1840 conexu
1618 1802 1687 1850 qui
1708 1803 1761 1840 tot
1777 1802 1939 1850 vestigia

176 1871 346 1920 oriyinis
370 1869 647 1909 Varronianae
671 1870 851 1918 quamvis
874 1868 1082 1907 obscurata
1106 1867 1299 1916 oblitaque
1323 1868 1546 1906 servaverit.
1578 1865 1646 1905 Ad
1671 1866 1747 1905 viti
1771 1866 1813 1904 in
1838 1868 1937 1906 roffis

176 1936 230 1984 cf.
248 1935 463 1975 Buecheler
480 1936 590 1975 Mus.
610 1935 734 1974 Rhen.
752 1934 895 1974 LXII
915 1933 971 1982 (a.
1000 1932 1134 1982 1907)
1153 1945 1197 1982 p.
1226 1934 1328 1972 476.

303 2008 401 2057 221,
422 2008 459 2046 8.
503 2007 563 2057 Cf.
590 2010 684 2057 post
707 2006 962 2046 Ritscheliwm
989 2005 1128 2055 Opusc.
1154 2005 1238 2043 III
1250 2016 1294 2054 p.
1323 2005 1406 2043 381
1420 2015 1476 2053 sq.
1517 2003 1600 2043 Leo
1625 2004 1761 2043 Herm.
1788 2003 1943 2043 XXIV

172 2085 217 2123 p.
237 2074 295 2113 29
315 2074 408 2112 adn.
434 2094 493 2100 —
520 2073 698 2114 Ceterum
721 2073 944 2122 fraymenta
962 2071 1055 2110 inde
1073 2071 1123 2110 ab
1141 2071 1212 2109 hoc
1233 2081 1356 2119 usque
1374 2068 1430 2109 ad
1450 2071 1537 2108 100
1556 2069 1716 2109 libenter
1732 2069 1940 2119 prioribus

181 2140 239 2179 64
251 2150 330 2188 sqq.
356 2139 684 2184 adiunxissemu&
709 2139 789 2177 nisi
814 2137 1004 2177 dubitatio
1028 2139 1125 2176 esset
1147 2137 1194 2175 de
1217 2137 1303 2185 ipso
1329 2135 1428 2175 libro
1453 2135 1476 2184 (
1481 2135 1573 2175 VII
1574 2135 1594 2174 ἓ
1619 2134 1744 2183 11⁷3).

303 2206 402 2254 221,
423 2206 490 2244 13.
539 2204 666 2244 Verba
700 2203 971 2254 septenarium
997 2232 1006 2241 .
1034 2232 1042 2241 .
1070 2233 1077 2240 .
1102 2202 1356 2252 reperiuntur
1382 2203 1547 2250 propter
1570 2201 1713 2249 fraqm.
1743 2194 1838 2239 65¹⁴b
1868 2201 1939 2239 hoc

178 2271 261 2310 loeo
285 2271 499 2310 omismmt
524 2271 750 2310 Wilmarms
768 2272 803 2308 et
821 2268 1032 2308 Funaioli:
1057 2268 1126 2307 etsi
1143 2269 1304 2316 praeter
1322 2266 1406 2306 alia
1429 2267 1636 2314 insequens
1657 2276 1805 2314 quoque
1828 2266 1938 2315 fraq-

177 2338 352 2376 mentum
374 2336 456 2384 fere
481 2335 675 2375 desiderat
698 2336 792 2374 haec
815 2335 1018 2384 praemitti
1041 2345 1164 2382 neque
1187 2333 1362 2372 alienum
1386 2344 1413 2371 a
1439 2331 1615 2371 Varrone
1640 2328 1716 2371 ‘bis
1738 2333 1783 2371 in
1806 2327 1937 2371 idem’.

304 2402 403 2452 222,
423 2403 460 2441 3.
492 2402 777 2451 Fraqmentum
802 2412 828 2440 a
845 2400 1051 2450 prioribus
1074 2397 1286 2449 neylectum
1309 2398 1384 2437 huc
1407 2398 1685 2437 revocavimus.

303 2469 403 2517 222,
425 2469 490 2508 14.
534 2468 623 2507 Hoc
657 2468 921 2516 fraqmentum
960 2466 1132 2506 Varroni
1167 2464 1381 2504 vindicavit
1426 2463 1571 2503 Vsener
1607 2464 1651 2503 in
1688 2463 1799 2502 relat.
1826 2464 1935 2502 acad.

180 2533 341 2573 Monac.
366 2544 404 2572 a.
432 2534 548 2573 1893
566 2545 610 2582 p.
639 2534 725 2572 642
736 2544 810 2581 sq„
842 2533 910 2582 qui
934 2543 1022 2571 cum
1047 2531 1146 2571 libro
1171 2530 1218 2570 de
1239 2530 1500 2579 yrammatica
1535 2529 1722 2573 tribuerit,
1756 2540 1830 2568 nos
1862 2529 1939 2568 huc

179 2599 420 2639 adscivimus
450 2601 612 2648 propter
648 2598 836 2638 disertum
874 2598 1132 2637 testimonium
1169 2596 1216 2635 de
1251 2607 1413 2635 rotemero
1443 2596 1615 2634 oratorio
1648 2596 1692 2634 in
1728 2595 1790 2634 his
1827 2595 1938 2634 libris

180 2666 344 2704 tractato
374 2666 418 2704 in
448 2665 684 2704 antecedenti
713 2665 949 2713 fragmento,
981 2662 1083 2712 quod
1111 2663 1303 2702 immerito
1334 2662 1479 2710 sprevit
1503 2661 1715 2700 Fwnaioli:
1744 2673 1866 2710 neque
1896 2662 1939 2701 id

180 2729 341 2779 impedit
364 2729 471 2770 locus
496 2741 570 2779 quo
595 2730 803 2769 Diomedes
827 2730 940 2769 habet
964 2728 1274 2768 additamentum
1292 2729 1489 2777 posterius
1513 2729 1714 2766 insertmn.

306 2803 404 2851 222,
426 2802 494 2840 26.
524 2800 612 2840 Hoc
635 2801 899 2851 fraymentum
917 2800 1020 2850 quod
1043 2800 1119 2840 huc
1135 2800 1329 2840 revocavit
1355 2799 1578 2838 Wilmanns
1598 2810 1644 2837 ea:
1660 2800 1831 2848 sequenti
1850 2810 1937 2838 con·

180 2867 356 2915 fivmavit
388 2867 534 2906 Vsener
557 2867 667 2906 Mus.
687 2866 811 2905 Rhen.
833 2865 986 2904 XXIV
997 2876 1040 2914 p.
1064 2867 1161 2904 103.

304 2933 403 2982 223,
425 2934 461 2972 1.
506 2933 570 2972 De
599 2933 779 2972 ommibus
809 2944 909 2981 quae
947 2934 1130 2971 secuntur
1164 2931 1335 2970 Varroni
1368 2933 1483 2979 atque
1515 2930 1606 2969 huic
1640 2929 1738 2968 libro
1770 2949 1827 2956 ——
1858 2939 1938 2967 non

181 2998 283 3037 libro
307 2998 354 3038 de
375 3000 635 3048 mammatim
655 3019 711 3024 —
731 2997 982 3045 vindicandis
1005 2998 1147 3035 rectius
1172 3007 1291 3045 quam
1315 2996 1551 3035 Lachmann
1575 2996 1618 3033 in
1643 2994 1766 3034 Lucr.
1784 3005 1829 3043 p.
1852 2995 1938 3033 186

181 3074 343 3112 eumque
357 3075 403 3103 ex
412 3066 532 3112 parte
548 3066 700 3103 secutus
716 3063 940 3102 Wilmanns
957 3062 1149 3102 iudicavit
1168 3061 1312 3101 Vsener
1321 3060 1561 3100 Mus.Rhen.
1580 3059 1695 3098 XXI
1700 3059 1735 3099 V
1737 3072 1779 3108 p.
1793 3061 1847 3099 94
1856 3071 1936 3109 sqq.
