2144 3340
316 165 469 202 XXXVI
1003 167 1369 204 PROLEGOMENA

316 275 666 317 adnotationibus
698 289 769 317 eas
801 277 971 317 tantum
1002 277 1280 331 respeximus,
1311 291 1420 332 quae
1452 279 1525 320 aut
1555 293 1633 333 per
1658 293 1702 321 se
1733 282 1808 321 aut
1838 294 1892 322 ex
1916 282 2066 323 aucto-·

314 346 442 388 ritate
474 346 721 389 criticorum
760 347 807 388 in
838 360 1011 389 censum
1036 347 1229 402 veniant,
1260 347 1344 389 nisi
1375 348 1490 402 quod
1526 350 1655 403 paulo
1693 349 1855 406 largius
1887 352 2059 409 collegi-

314 432 410 459 mus
442 431 549 471 quae
586 420 684 472 post
719 415 1048 473 Spengelianam
1080 419 1257 460 alteram
1295 419 1464 474 prolata
1500 420 1683 463 necdum
1715 423 1895 464 collecta
1926 425 2058 465 erant.

314 487 594 530 Accuratiora
625 488 701 543 qui
732 487 839 529 scire
871 488 1016 543 cupiat
1054 503 1151 531 cum
1184 489 1234 531 de
1265 489 1361 532 aliis
1402 490 1530 532 rebus
1567 492 1660 533 tum
1700 491 1751 534 de
1791 492 1942 536 critico
1982 493 2058 536 illo

315 573 441 614 quem
483 559 528 601 B
567 559 713 600 littera
756 559 962 602 indicavit
1008 559 1280 617 Spengelius‚
1324 560 1375 603 de
1419 575 1504 616 quo
1549 576 1679 618 supra
1720 577 1762 618 p.
1805 562 1972 606 XXXII
1997 579 2058 619 sq.

315 630 392 672 sub
442 644 620 672 numero
668 630 722 672 19
768 630 965 686 diximus,
1010 630 1339 687 Spengelianam
1389 632 1527 687 ipsam
1571 633 1712 675 adeat:
1762 648 1846 688 qua
1886 637 1936 676 ut
1980 650 2085 678 nos·

316 715 487 756 quoque
520 704 642 757 grato
674 701 818 744 animo
850 701 919 744 usi
951 717 1117 757 sumus,
1148 703 1209 744 ita
1241 702 1519 745 exscribendo
1551 704 1909 760 compilandoque
1940 706 2060 749 abuti

314 773 549 828 noluimus,
600 773 850 827 praesertim
895 787 991 815 cum
1037 788 1288 829 persuasum
1336 774 1569 816 habeamus
1613 775 1702 832 ὅσῳ
1746 775 1882 818 πλέον
1925 777 2059 832 ἥμισυ

313 845 484 893 παντός.

431 914 642 957 Pauciora
679 915 809 957 etiam
847 915 897 957 de
929 915 1190 958 editionibus
1222 916 1373 958 afferre
1405 916 1448 958 in
1481 917 1623 959 animo
1656 920 1730 960 est.
1804 917 1872 960 Ex
1903 918 2059 974 quibus

316 986 446 1028 editio
481 1001 512 1028 s.
538 986 565 1028 l.
598 988 641 1028 et
671 1001 707 1028 a.
741 986 853 1028 circa
884 1002 919 1029 a.
945 985 1276 1029 MCGGOLXXI
1299 990 1447 1042 parata
1471 1002 1496 1028 a
1520 981 1759 1043 Pomponio
1785 988 1942 1032 Laeto
1968 990 2060 1032 cive

315 1056 511 1099 Romano
543 1071 630 1098 non
662 1057 789 1099 modo
832 1082 893 1088 —
934 1060 984 1100 ut
1020 1060 1110 1100 tam
1142 1059 1302 1100 multae
1332 1058 1550 1114 principes
1593 1083 1652 1089 —
1694 1062 1915 1114 tamquam
1946 1060 2060 1116 prin-

315 1142 414 1183 ceps
457 1128 670 1169 laudanda
714 1130 796 1182 est,
840 1128 914 1170 sed
955 1129 1081 1170 etiam
1125 1131 1301 1184 propter
1337 1130 1474 1171 multa
1511 1130 1682 1186 egregie
1726 1131 1949 1173 emendata
1991 1133 2060 1174 vel

317 1199 526 1254 suppleta,
559 1214 666 1254 quae
699 1187 812 1240 inter
843 1213 1007 1241 errores
1033 1199 1474 1255 interpolationesque
1500 1200 1736 1255 splendent.
1786 1201 1919 1244 Velut
1942 1201 1983 1244 V
2003 1202 2060 1244 85

314 1270 652 1312 additamentum
698 1271 814 1324 quod
857 1271 970 1312 inter
1012 1285 1213 1326 perversa
1261 1272 1487 1326 minusque
1536 1272 1773 1314 verecunda
1820 1273 2062 1316 numeravit

314 1341 567 1398 Spengelius
598 1340 755 1396 praef.2
785 1357 825 1397 p.
851 1340 935 1383 XV
965 1357 1099 1397 prope
1131 1356 1279 1384 verum
1317 1357 1409 1384 esse
1438 1342 1567 1385 hodie
1598 1343 1900 1386 intelleximus.
1961 1343 2061 1387 Par-

312 1413 471 1455 mensis
491 1427 526 1454 a.
541 1411 893 1455 MOOCOLXXX
912 1413 1132 1467 ceteroqui
1152 1413 1339 1468 principi
1359 1428 1408 1456 ac
1428 1412 1618 1456 Venetae
1640 1406 2061 1458 a.'MCCCOLXXIV

313 1484 535 1526 simillima
579 1483 649 1540 (cf.
697 1483 884 1540 Spengel
926 1483 1077 1539 praef.¹
1118 1499 1159 1540 p.
1197 1483 1368 1542 XXIV)
1412 1484 1595 1541 insignis
1636 1487 1701 1527 est
1745 1486 1799 1528 ob
1843 1485 2061 1529 Francisci

313 1554 649 1597 Rholandelli
680 1570 838 1610 curam,
869 1556 973 1597 item
1000 1554 1165 1597 Veneta
1197 1570 1233 1597 a.
1252 1554 1562 1597 MCCCGXOH
1593 1556 1647 1598 ob
1679 1556 1903 1599 Michaelis
1934 1557 2061 1599 Ben-

312 1626 411 1668 tini
455 1626 760 1683 castigationes
805 1626 974 1682 saepius
1018 1626 1235 1681 repetitas.
1297 1626 1461 1669 Deinde
1506 1642 1602 1669 cum
1645 1629 1691 1670 in
1733 1627 2060 1671 Mediolaniensi

313 1712 350 1740 a.
369 1697 499 1739 MDX
517 1697 577 1740 Io.
599 1698 722 1754 Bapt.
742 1697 863 1741 Pius
889 1713 978 1741 non
1009 1698 1070 1739 ita
1096 1698 1279 1740 multum
1305 1698 1580 1753 praestiterit,
1603 1701 1756 1741 notum
1782 1701 1847 1742 est
1873 1699 1945 1741 diu
1970 1699 2061 1742 vul-

313 1771 436 1825 gatae
462 1769 528 1810 ius
549 1769 787 1811 obtinuisse
808 1769 1039 1811 editionem
1060 1769 1298 1811 Romanam
1319 1784 1354 1811 a.
1373 1767 1584 1811 MDLVII
1604 1770 1788 1811 multum
1807 1772 1850 1811 et
1869 1785 1894 1812 a
1911 1769 2060 1812 multis

312 1855 410 1882 cum
430 1840 698 1882 emendatam
718 1843 811 1882 tum
831 1842 1079 1895 corruptam
1100 1843 1227 1895 atque
1248 1840 1550 1895 interpolatam
1570 1839 1752 1883 Antonii
1771 1839 2059 1897 Augustini

312 1910 394 1953 Icti
426 1910 736 1966 archiepiscopi
769 1911 1113 1966 Tarraconensis,
1151 1911 1225 1965 qui
1256 1910 1368 1953 inter
1401 1910 1507 1953 alios
1540 1925 1583 1953 se
1615 1910 1808 1953 adiutum
1841 1926 1932 1954 esse
1962 1925 2060 1967 pro-

312 1983 460 2025 fitetur
499 1982 562 2024 -ab
607 1982 776 2039 Angelo
823 1981 1012 2037 Colotio,
1069 1981 1248 2023 Octavio
1297 1981 1590 2038 Pantagatho,
1648 1981 1846 2025 Gabriele
1894 1982 2058 2026 Faerno

316 2054 570 2109 saepiusque
605 2053 764 2095 ‘amici'
800 2053 1067 2095 coniecturas
1100 2053 1145 2094 in
1175 2052 1368 2109 margine
1401 2053 1642 2108 adscripsit.
1697 2053 1825 2096 Hunc
1855 2056 1955 2109 post
1987 2068 2060 2096 sex

312 2139 446 2167 annos
477 2125 645 2180 excepit
675 2124 877 2181 Lugduni
907 2124 963 2166 M.
991 2123 1257 2166 Vertranii
1287 2123 1428 2166 Mauri
1452 2123 1533 2166 Icti
1565 2138 1693 2179 opera
1724 2127 1766 2166 et
1798 2140 1833 2166 a.
1852 2124 2060 2168 MDLXV

312 2199 484 2239 secutus
517 2199 583 2238 est
608 2195 818 2251 Iosephus
845 2195 1077 2251 Scaliger
1107 2196 1153 2237 in
1184 2194 1481 2250 coniectaneis‚
1513 2210 1620 2249 quas
1651 2210 1737 2237 una
1762 2210 1858 2238 cum
1877 2195 2060 2238 Adriani

312 2267 447 2310 Turn
458 2267 539 2309 ebi
565 2267 940 2309 emendationibus
966 2270 1007 2308 et
1034 2266 1352 2309 commentariis
1378 2267 1590 2321 postumis
1610 2265 1823 2308 Henricus
1844 2265 2059 2322 Stepha-

311 2353 404 2381 nus
436 2339 480 2380 in
512 2338 700 2381 editione
732 2353 767 2380 a.
799 2336 1030 2380 MDLXIX
1073 2340 1116 2379 et
1159 2336 1435 2391 sequentibus
1474 2351 1571 2392 cum
1612 2337 1845 2392 appendice
1875 2338 2058 2381 iteravit.

313 2408 506 2451 Proximi
537 2410 696 2451 saeculi
726 2410 852 2451 initio
881 2409 1102 2451 Ausonius
1133 2408 1323 2463 Popma
1346 2407 1508 2451 Frisius
1539 2407 1618 2451 hos
1649 2408 1782 2451 libros
1815 2423 1908 2452 cum
1942 2410 2059 2452 notis

313 2483 355 2522 et
397 2480 682 2522 coniectaneis
721 2495 773 2523 ex
814 2481 988 2523 officina
1019 2479 1292 2521 Plantiniana
1328 2479 1462 2521 edidit
1494 2494 1691 2534 annoque
1721 2479 1887 2522 MDGV
1917 2478 2059 2536 Ingol-

315 2551 442 2594 stadii
483 2552 698 2594 recensuit
732 2550 895 2607 Gaspar
927 2550 1220 2606 Scioppius:
1262 2550 1382 2593 cuius
1422 2550 1504 2593 viri
1540 2565 1698 2593 nomen
1729 2551 1898 2607 saepius
1930 2565 2058 2605 quam

315 2623 474 2664 meruit
504 2623 806 2678 apponendum
838 2626 945 2677 erat,
992 2623 1152 2678 quippe
1187 2637 1282 2665 cum
1316 2621 1394 2663 sub
1427 2636 1477 2663 eo
1509 2622 1672 2664 lateant
1701 2622 1851 2679 ignota
1882 2624 1925 2664 et
1956 2622 2059 2664 alio-

313 2709 409 2735 rum
441 2696 484 2735 et
514 2693 657 2736 Fulvii
689 2693 868 2736 Ursini
899 2694 1134 2748 conamina,
1166 2708 1291 2748 quem
1323 2718 1381 2723 —
1411 2694 1514 2735 item
1539 2692 1753 2735 Faernum
1785 2693 1975 2747 aliosque
1999 2718 2058 2723 -—

316 2765 433 2807 haud
462 2780 559 2808 raro
593 2768 918 2819 commemorat,
951 2765 1026 2807 sed
1056 2764 1224 2819 saepius
1256 2764 1501 2806 adhibuisse
1533 2779 1659 2820 quam
1692 2765 1934 2807 nominasse
1965 2778 2057 2806 cen-

315 2836 469 2878 sendus
512 2839 596 2891 est,
634 2840 683 2879 ut
724 2836 965 2878 accuratius
997 2835 1309 2878 demonstravit
1341 2834 1527 2892 Spengel
1557 2834 1713 2890 praef.²
1742 2850 1782 2890 p.
1807 2834 1952 2877 XXIX
1966 2849 2056 2890 sqq.

311 2907 458 2949 Editio
505 2907 790 2963 Bipontina
834 2908 934 2950 anni
978 2906 1405 2949 MDOGLXXXVHI
1444 2906 1608 2962 priores
1652 2908 1846 2948 accurate
1889 2920 2057 2948 enume-

315 2992 414 3020 rans
458 2979 553 3020 ideo
598 2978 747 3021 multis
785 2981 907 3035 grata
945 2981 1201 3033 acceptaque
1238 2978 1339 3032 fuit,
1382 2978 1482 3032 quia
1514 2977 1860 3019 commodissime
1890 2979 2058 3032 praeter

316 3048 559 3105 fragmenta
604 3050 799 3092 adiunxit
838 3048 1020 3091 Antonii
1054 3049 1244 3092 Turnebi
1276 3048 1484 3105 Scaligeri
1514 3048 1702 3104 Popmae
1744 3048 2056 3091 adnotationes:
