2144 3340
811 122 1180 161 PROLEGOMENA
1704 121 1878 158 XXXVII

120 236 195 282 sed
234 236 347 282 hanc
385 249 559 293 quoque
596 233 819 293 vulgatam
850 233 936 277 fide
966 234 1144 277 minime
1176 233 1353 291 dignam
1384 246 1646 290 propagasse
1678 233 1879 289 apparuit

119 308 196 355 ubi
224 322 383 353 novam
409 307 644 351 editionem
670 305 943 363 ‘principem'
971 320 1005 348 a.
1026 303 1368 349 MDCGCXXVI
1386 303 1636 348 Leonardus
1657 302 1881 362 Spengel

120 395 174 426 ex
194 379 313 424 Petri
331 378 518 424 Victorii
540 378 772 423 collatione
792 377 990 434 quamvis
1009 377 1124 420 mala
1143 390 1380 432 mancaque
1399 376 1679 420 Laurentiani
1699 375 1880 432 aliisque

119 451 342 498 codicibus
360 450 506 495 emisit
524 449 795 507 subscriptis,
820 464 909 493 non
926 448 1124 505 receptis,
1149 451 1193 491 et
1211 448 1394 491 aliorum
1419 451 1462 492 et
1481 448 1571 491 suis
1592 447 1880 504 opinionibus.

119 523 216 576 Quo
246 523 366 567 nisus
386 522 558 579 aliaque
576 521 772 565 subsidia
796 521 1035 578 adiungens
1059 534 1217 564 novam
1243 534 1330 563 uno
1356 534 1470 563 anno
1494 517 1881 563 MDCCCXXXIII

119 597 164 639 et
193 595 380 640 confecit
421 596 466 638 et
506 593 641 637 edidit
673 592 855 636 Carolus
886 591 1178 636 Odofredus
1209 590 1428 635 Mueller
1459 594 1654 635 ornatam
1687 590 1883 634 emenda-

119 666 313 712 tionibus
344 668 388 710 et
417 665 659 709 annotavit:
692 679 821 722 quam
858 664 1092 707 editionem
1102 662 1137 722 ¹)
1168 663 1413 719 nuperrime
1439 664 1485 706 in
1515 663 1629 706 libro
1662 663 1882 706 studiosae

120 740 309 783 maxime
338 738 577 782 iuventutis
608 738 653 780 in
685 752 810 780 usum
844 737 1090 793 conscripto
1111 735 1343 778 Eduardus
1361 734 1540 778 Norden
1575 734 1710 778 edixit
1735 735 1882 791 magni

120 810 331 855 momenti
374 823 467 853 esse
508 809 562 852 ad
606 807 878 865 splendidum
910 807 1110 850 Muelleri
1151 807 1375 865 ingenium
1406 808 1522 850 recte
1554 806 1883 862 aestimandum,

121 882 196 926 sed
226 880 448 937 ceteroqui
478 880 608 924 hodie
634 880 831 923 inutilem
858 879 1014 936 videri3
1046 879 1162 935 quod
1187 879 1378 922 severius
1405 893 1535 934 quam
1559 879 1704 921 verius
1729 878 1882 921 edixit:

119 969 221 997 nam
269 955 439 1010 praeter
482 951 803 995 emendationes
847 951 1063 1007 speciosas
1107 953 1183 993 aut
1225 950 1441 1006 palmares
1485 950 1646 993 dudum
1690 953 1883 1006 receptas

120 1025 237 1069 haud
276 1039 414 1082 pauca
454 1025 499 1068 in
540 1022 894 1067 adnotationibus
935 1022 1094 1078 inesse,
1137 1037 1245 1078 quae
1287 1023 1418 1065 etiam
1461 1037 1578 1065 nunc
1610 1037 1706 1065 cum
1738 1022 1884 1065 fructu

121 1097 322 1156 legantur
370 1098 500 1152 atque
550 1095 858 1150 adhibeantur,
915 1094 1088 1151 saepius
1139 1094 1493 1152 significavimus.
1583 1093 1709 1136 Vnde
1752 1094 1884 1137 etiam

124 1167 346 1226 Spengelii
398 1167 682 1223 Muellerique
734 1167 935 1210 Manibus
988 1168 1210 1222 tamquam
1266 1166 1576 1222 sospitatorum
1623 1165 1883 1209 Varroniani

124 1240 274 1297 scripti
305 1242 500 1283 nostram
533 1240 718 1295 opellam
751 1237 1053 1281 dedicavimus,
1102 1236 1210 1281 Post
1242 1251 1352 1293 quos
1385 1237 1549 1293 optime
1581 1236 1634 1279 de
1664 1237 1734 1280 his
1759 1237 1884 1280 libris

123 1312 304 1356 meritus
335 1314 402 1355 est
419 1311 575 1354 Petrus
602 1309 762 1353 Ganal
786 1308 940 1363 Italus,
967 1310 1042 1365 qui
1067 1309 1167 1351 inde
1192 1308 1246 1351 ab
1273 1322 1386 1351 anno
1404 1307 1745 1351 MDGCOXLVI
1770 1309 1885 1364 apud

122 1383 422 1428 Antonellium
453 1382 669 1426 Venetum
702 1382 748 1424 in
778 1380 1044 1424 bibliotheca
1081 1380 1343 1436 scriptorum
1380 1380 1617 1423 latinorum
1650 1380 1884 1424 editionem

123 1470 218 1500 cum
251 1455 448 1499 versione
479 1453 920 1509 adnotationibusque
952 1452 1120 1495 curavit
1150 1452 1382 1508 repetitam
1419 1468 1455 1495 a.
1482 1450 1883 1496 MDCCCLXXIV:

124 1542 234 1584 quae
265 1526 475 1570 editiones
507 1525 622 1582 apud
654 1527 823 1568 exteros
855 1525 962 1568 adeo
994 1525 1170 1582 ignotae
1203 1525 1413 1578 iacebant,
1444 1527 1495 1567 ut
1525 1525 1607 1567 viri
1640 1523 1756 1567 docti
1787 1538 1885 1580 pro-

123 1614 259 1656 nepos
283 1598 420 1642 Iulius
439 1597 696 1641 Antonibon
726 1599 826 1639 ante
855 1596 937 1639 hos
969 1596 1116 1639 decem
1148 1611 1284 1639 annos
1317 1596 1363 1639 in
1392 1596 1507 1639 libro
1537 1599 1664 1639 antea
1690 1595 1884 1638 adhibito

124 1671 441 1714 demonstraret
476 1684 685 1726 proavum
722 1668 839 1711 haud
869 1683 1027 1724 paucas
1069 1668 1390 1712 emendationes
1423 1683 1519 1712 cum
1557 1683 1583 1710 a
1613 1668 1839 1711 Leonardo
1849 1666 1884 1725 ²)

123 1744 218 1786 tum
250 1742 303 1785 ab
335 1741 510 1785 Andrea
542 1740 732 1798 Spengel
769 1740 943 1783 interim
980 1741 1172 1796 prolatas
1204 1740 1364 1783 dudum
1398 1754 1747 1796 praeoccupasse.
1809 1738 1885 1781 At-

125 1829 207 1871 que
239 1817 411 1871 praeter
441 1812 762 1856 emendationes
794 1813 924 1855 etiam
953 1812 1288 1855 commentarius
1320 1810 1492 1854 Canalis
1524 1812 1696 1868 saepius
1728 1812 1884 1868 dignus

125 1890 191 1930 est
221 1887 297 1942 qui
328 1887 625 1944 cognoscatur.
675 1883 874 1940 Denique
898 1884 1044 1941 priora
1068 1885 1350 1940 priorumque
1376 1884 1518 1926 studia
1544 1886 1588 1926 et
1612 1882 1885 1939 complexum

125 1972 219 2001 esse
268 1961 311 2001 et
359 1957 626 2013 promovisse
669 1956 940 1999 Leonardum
984 1955 1210 2013 Spengel
1256 1955 1303 1998 in
1347 1956 1535 1999 editione
1585 1957 1788 2012 postuma
1831 1954 1884 1997 ab

127 2029 300 2072 Andrea
347 2028 440 2071 filio
483 2030 527 2071 et
570 2030 718 2070 curata
760 2030 803 2070 et
852 2026 1021 2085 aucta3)
1064 2043 1100 2070 a.
1138 2025 1538 2070 MDCCCLXXXV
1581 2027 1696 2083 apud
1738 2025 1885 2068 Weid-

126 2115 308 2144 mannos
352 2100 437 2143 iam
482 2114 606 2155 saepe
650 2099 886 2156 attigimus.
954 2099 1080 2142 Vnde
1124 2099 1264 2141 denuo
1308 2101 1616 2142 nonnullorum
1659 2098 1886 2141 hominum

127 2173 354 2216 doctorum
385 2171 519 2214 animi
549 2171 595 2214 in
620 2170 858 2214 Varronem
892 2171 1086 2214 conversi
1119 2173 1233 2223 sunt,
1265 2185 1450 2226 quorum
1483 2170 1717 2212 sententias
1743 2169 1886 2225 quoad

126 2245 221 2287 fieri
250 2243 395 2300 potuit
425 2243 691 2300 respeximus
723 2242 992 2300 singulisque
1023 2242 1131 2285 locis
1163 2242 1436 2285 inseruimus.

247 2314 366 2367 Quae
402 2330 504 2359 vero
541 2314 672 2358 latius
711 2316 863 2370 patent
895 2314 1167 2370 quaestiones
1199 2314 1251 2356 de
1283 2313 1441 2356 horum
1472 2312 1686 2356 librorum
1718 2313 1887 2355 ratione

128 2388 412 2445 dispositione
453 2386 648 2430 fontibus
691 2387 839 2443 paucis
880 2386 1010 2429 etiam
1050 2386 1134 2429 hoc
1178 2385 1275 2428 loco
1320 2385 1645 2442 pertractandae
1690 2398 1783 2427 esse
1826 2384 1887 2427 vi-

129 2459 294 2503 dentur.

250 2614 285 2659 1)
310 2611 493 2648 Aemilius
518 2611 644 2660 Egger
669 2622 702 2647 a.
716 2610 1051 2647 MDCCCXXXVII
1074 2609 1230 2645 Parisiis
1256 2610 1355 2645 hanc
1381 2609 1586 2646 editionem
1611 2608 1888 2654 redintegravit

129 2672 278 2709 omissis
304 2671 625 2716 adnotationibus,
652 2670 812 2708 adiectis
832 2670 997 2707 Fabricii
1026 2669 1296 2716 Spengeliique
1322 2667 1719 2705 commentationibus:
1747 2669 1794 2703 de
1819 2679 1886 2704 suo

128 2732 226 2768 nihil
249 2731 410 2768 addidit.

250 2792 286 2838 2)
312 2790 369 2826 De
394 2790 465 2827 hoc
490 2790 681 2827 interdum
706 2790 858 2835 erravit,
884 2789 975 2836 quia
1001 2789 1256 2835 antiquiorem
1283 2789 1363 2824 eius
1389 2799 1543 2835 operam
1568 2788 1745 2834 neglexit.

251 2852 285 2898 8)
313 2850 501 2887 Praelusit
531 2850 691 2886 editioni
722 2850 762 2886 in
794 2849 1111 2886 commentatione
1143 2860 1258 2894 quam
1291 2860 1406 2895 supra
1436 2861 1471 2895 p.
1503 2847 1589 2883 XIX
1620 2857 1884 2883 commemora-

129 2921 260 2945 vimus.
