2176 3386
0 0 31 415 ,

868 144 1251 184 ΔΒΝΟΤΔΤῙΟΝΕΕ
1853 144 1941 189 297

181 263 228 304 in
251 262 348 303 adn.
365 262 627 313 probantibus
659 261 922 302 Wlmannsio
947 262 982 300 et
1006 259 1242 300 Funaiolio:
1264 261 1308 300 at
1330 260 1477 311 putant
1500 270 1580 299 non
1604 260 1661 299 est
1683 270 1754 298 cur
1777 260 1947 298 mutetur

183 324 254 383 (es.
278 329 380 375 200,
402 329 477 368 12.·
511 327 675 379 quidam
710 326 803 366 here
828 327 976 378 putant
1001 325 1082 366 dici
1106 324 1247 366 debere
1274 327 1309 364 et
1332 326 1433 370 202,
1456 326 1532 364 19:
1566 324 1776 376 integriter
1799 324 1945 364 vitioso

183 395 334 446 putant
357 388 468 447 diei).
505 392 574 432 Ex
600 404 642 432 eo
666 392 770 442 quod
793 391 957 433 additur
979 404 1052 431 nec
1076 404 1157 431 non
1182 393 1224 431 et
1246 390 1310 431 illi
1335 391 1407 442 qui
1432 390 1481 431 de
1506 390 1742 431 differentiis
1767 389 1947 430 scribunt

185 461 354 510 afflaret
376 459 638 510 differentiam
663 458 768 499 sumi
790 460 893 498 inter
910 459 1052 498 mutuo
1071 460 1107 497 et
1129 459 1293 505 mutue;
1317 458 1429 498 cuius
1448 458 1692 508 differentiae
1709 457 1828 507 prior
1843 467 1947 506 pars

184 536 274 566 m
296 526 342 565 in
364 525 493 565 verbis
517 526 711 574 corruptis
744 524 787 563 in
813 524 1047 576 cognoer
1073 524 1133 563 est
1158 523 1295 569 lateat,
1318 534 1368 562 ne
1391 523 1486 562 haec
1509 522 1665 573 quidem
1690 523 1948 571 confidentius

191 590 366 631 Varroni
400 590 521 631 tribui
549 602 667 640 posse
702 589 896 636 videntur,
926 588 996 629 sed
1025 590 1192 639 sonasse
1221 591 1314 628 sunt
1340 590 1591 638 yrammatiei
1628 590 1697 638 qm·
1730 588 1947 628 Varronem

185 658 316 697 “stein
348 657 514 697 adhibet.
561 655 673 707 Quod
702 656 796 696 Keil
826 666 906 705 pro
944 656 988 694 in
1019 655 1253 706 cognomine
1289 655 1424 694 scribit
1460 655 1504 694 in
1536 653 1820 695 consuetudine
1855 655 1947 694 item

186 722 464 773 recipientibus
497 722 760 762 Wilmannsio
785 723 821 760 et
843 721 1069 766 Funaiolio,
1094 732 1231 760 verum
1256 732 1336 760 esse
1359 732 1549 771 neqamus
1572 732 1660 760 cum
1676 723 1839 770 propter
1861 731 1948 760 sen-

188 789 401 828 tentiarum
422 799 567 828 nemim
591 790 674 827 tum
691 789 855 837 propter
875 786 965 827 GL.
983 786 1016 825 Ι
1031 787 1130 833 199,
1148 787 1208 826 24
1228 781 1349 840 (falso
1376 818 1383 826 .
1411 816 1420 825 .
1448 817 1456 826 .
1482 786 1517 826 si
1542 785 1781 826 subauditur
1798 785 1946 825 iudicio

186 866 330 895 nomen
355 848 436 908 est)
470 856 506 893 et
527 855 630 900 216,
646 854 707 899 28
742 847 909 907 (reeens.
950 852 1081 904 Asper
1105 853 1392 892 commentario
1420 851 1608 892 Sallustii
1639 851 1901 892 historiarum
1926 851 1947 890 I

185 932 291 960 nune
318 918 552 960 adverbium
583 931 689 959 nunc
713 931 856 958 nomen
886 918 930 958 id
954 930 1038 958 esse
1064 913 1180 971 dicit)
1207 918 1382 968 aliosque
1416 918 1518 958 locos
1543 917 1610 967 (ef.
1637 918 1754 957 etiam
1787 920 1866 957 test.
1893 917 1948 956 ad

185 986 288 1032 206,
308 984 366 1035 1).
411 985 522 1026 Vnde
544 986 614 1025 hoc
638 986 718 1025 loco
742 986 911 1035 wyitare
933 985 1067 1034 possis
1090 984 1139 1023 de
1169 985 1359 1024 eiusmodi
1388 986 1584 1034 scriptura
1610 979 1660 1023 isi:
1685 980 1948 1036 <adverbium

183 1047 262 1103 iffa>
287 1063 431 1091 nomen
457 1053 518 1091 est
552 1051 612 1090 vel
645 1050 679 1091 si
715 1050 823 1102 quod
854 1063 998 1090 nomen
1023 1049 1135 1089 deest
1167 1050 1228 1089 vel
1253 1051 1287 1089 si
1313 1048 1562 1102 eog<itatum
1590 1050 1749 1101 argenti
1772 1050 1838 1088 vel
1862 1048 1948 1089 vini

184 1117 249 1156 vel
282 1117 427 1157 similis
460 1113 548 1169 rei)
581 1129 725 1156 nomen
760 1118 822 1156 est
857 1114 922 1167 [cf.
957 1116 1041 1164 diff.
1069 1127 1113 1165 p.
1141 1117 1211 1162 46,
1230 1116 1289 1155 35
1312 1115 1430 1156 Beck.
1466 1118 1503 1155 et
1526 1115 1616 1155 GL.
1644 1115 1737 1155 VII
1758 1116 1857 1161 124,
1879 1114 1947 1154 15.

184 1183 286 1229 266,
301 1178 359 1235 9].
399 1181 647 1232 Quamquam
672 1183 811 1231 neqari
834 1183 969 1231 nequit
992 1182 1182 1222 eiusmodi
1204 1183 1435 1222 sententiam
1461 1183 1578 1221 etiam
1596 1193 1642 1221 eoe
1665 1182 1750 1231 ipso
1771 1181 1949 1221 Varrone

185 1248 454 1298 depromptam
487 1249 800 1297 differentiarum
832 1249 1059 1297 scriptorem
1092 1248 1322 1297 coniwnyere
1349 1249 1526 1297 potuisse
1559 1259 1647 1287 cwm
1677 1247 1849 1287 aliorum
1878 1246 1949 1287 ad-

186 1315 381 1354 notatione
398 1314 446 1355 de
463 1315 605 1353 mutue
625 1314 747 1363 (quod
768 1313 901 1354 Gicero
919 1314 1099 1354 adhibuit
1115 1314 1160 1353 in
1179 1313 1386 1362 epistulis),
1403 1315 1640 1363 praesertim
1664 1324 1752 1352 eum
1774 1313 1844 1352 hoc
1867 1313 1949 1353 loco

185 1382 468 1430 yrammaticus
492 1381 597 1420 dicat
620 1381 759 1420 mutuo
782 1381 840 1419 ut
863 1379 994 1419 Varro
1020 1379 1068 1418 de
1093 1391 1124 1420 s.
1149 1379 1175 1418 1.
1201 1379 1239 1418 V
1263 1379 1505 1430 loquitur,
1536 1382 1654 1419 antea
1683 1379 1752 1418 ubi
1781 1379 1840 1418 nil
1869 1379 1950 1418 nisi

187 1446 318 1495 forma
342 1447 431 1495 ipsa
454 1447 642 1496 repetitur
666 1445 774 1486 domi
797 1456 892 1485 suae
917 1445 1057 1485 Varro.

310 1518 408 1567 206,
430 1518 467 1557 9.
502 1516 564 1566 Of.
593 1517 857 1566 Westphalius
883 1513 1033 1556 (Μῶν)
1060 1511 1112 1556 1²
1128 1529 1174 1566 p.
1196 1518 1303 1557 172:
1326 1518 1440 1557 cuius
1465 1519 1720 1557 commentum
1742 1517 1899 1556 iteravit
1923 1528 1949 1555 a

187 1583 320 1633 Ieepio
343 1584 514 1623 monitus
543 1582 721 1633 Cybulla,
745 1583 793 1622 de
817 1583 959 1631 Rufini
983 1580 1255 1623 Antiochensis
1278 1584 1566 1623 commentariis
1590 1582 1742 1632 Reqim.
1767 1594 1805 1621 a.
1834 1583 1950 1622 1907

180 1661 227 1699 p.
255 1650 311 1688 47
323 1659 402 1697 sq.;
425 1650 475 1698 ef.
502 1650 620 1689 etiam
643 1649 727 1688 Leo
751 1649 889 1689 Herm.
916 1648 1074 1687 XXIV
1086 1660 1132 1698 p.
1156 1649 1245 1688 280
1258 1660 1313 1698 sq.

310 1721 408 1770 206,
430 1722 483 1760 17
497 1732 577 1771 sqq.
617 1721 706 1760 Hoc
729 1720 993 1769 fraymentum
1015 1722 1178 1769 propter
1200 1721 1332 1768 ipsum
1356 1722 1486 1760 testem
1508 1721 1727 1759 necessario
1743 1720 1950 1769 prioribus

189 1786 483 1835 adiunyendwm
509 1789 613 1826 erat.-
643 1798 767 1836 neque
790 1788 920 1825 tamen
943 1786 1097 1836 reliqua
1129 1787 1354 1835 fragmenta
1379 1787 1542 1836 propter
1565 1787 1787 1835 aryumenti
1810 1786 1950 1825 simili-

189 1851 363 1891 tudinem
388 1863 476 1891 cum
498 1853 561 1891 his
585 1853 782 1892 artissime
806 1852 1050 1891 cohaerentia
1075 1852 1204 1890 eodem
1229 1852 1309 1891 loco
1331 1863 1480 1901 ponere
1503 1852 1701 1891 voluimus
1724 1852 1771 1890 ob
1796 1851 1950 1890 dubita-

190 1918 334 1958 tionem
351 1918 464 1957 illam
484 1918 532 1957 de
549 1929 710 1958 numero
733 1917 923 1958 bibrorwm
941 1918 989 1957 de
1006 1929 1182 1957 sermone
1206 1916 1341 1964 latino,
1358 1917 1464 1957 unde
1487 1918 1645 1957 omnino
1669 1919 1834 1965 fluctuat
1849 1916 1953 1956 iudi-

190 1984 294 2023 ciwm
317 1983 365 2023 de
391 1979 575 2023 ‘metrico'
601 1983 711 2023 libro.
755 1983 934 2024 Getermn
965 1984 1127 2023 minime
1156 1986 1255 2022 recte
1286 1983 1380 2022 inde
1413 1984 1516 2032 quod
1549 1983 1677 2022 Varro
1709 1984 1754 2022 in
1781 1981 1951 2032 Gynodi-

190 2049 348 2089 dascalo
364 2049 617 2099 phulace-im
641 2052 807 2089 metrum
825 2051 1098 2089 commemorat
1113 2050 1270 2089 nomine
1288 2050 1454 2089 trimetri
1477 2049 1597 2088 ionici
1614 2049 1806 2088 Fwnaioli
1830 2048 1952 2088 obiter

191 2115 343 2154 dubitat
365 2115 414 2154 de
436 2116 668 2165 fragmentis
691 2115 772 2155 illis
796 2115 850 2154 ad
876 2111 1106 2155 ‘metricum’
1132 2114 1278 2154 librum
1301 2116 1540 2154 revocandis.

313 2187 412 2237 206,
433 2187 488 2225 23
501 2198 580 2236 sqq.
629 2186 758 2226 Verba
790 2187 951 2226 litterae
977 2218 985 2226 .
1012 2216 1021 2225 .
1048 2217 1058 2227 .
1083 2187 1202 2236 putat
1235 2187 1381 2226 omissa
1405 2198 1432 2225 a
1461 2186 1724 2226 Wilmannsio
1757 2186 1870 2226 libris
1903 2187 1952 2225 de

191 2263 366 2292 sermone
389 2252 512 2292 latino
537 2253 671 2292 tribuit
687 2251 880 2292 Fwnaioli
903 2251 1000 2291 duce
1019 2252 1186 2291 Vsenero
1211 2252 1237 2290 Ζ.
1256 2262 1286 2291 s.
1305 2263 1336 2291 s.
1356 2264 1398 2301 p.
1423 2253 1510 2291 642
1528 2251 1620 2291 adn.
1642 2253 1680 2291 3.
1723 2251 1802 2291 Sed
1821 2252 1952 2291 eodem

191 2329 280 2357 cwm
303 2318 388 2357 sine
411 2317 528 2357 dubio
551 2320 690 2367 spectet
715 2318 917 2357 Diomedis
942 2318 1211 2362 testimonium,
1235 2319 1419 2356 neutrum
1442 2318 1487 2356 in
1511 2319 1712 2366 apparatu
1735 2318 1952 2357 delitescere

192 2383 406 2423 voluimus:
430 2383 598 2423 alterum
623 2385 728 2423 enim
755 2383 948 2422 Varronis
971 2395 1112 2422 nomen
1131 2383 1288 2428 eoehibet,
1314 2383 1482 2422 alterum
1500 2383 1718 2422 doctrinam
1734 2384 1952 2433 pristinam

193 2450 321 2498 ipsam
343 2449 485 2489 melius
502 2451 683 2489 servavit.
714 2449 824 2489 Nam
842 2450 961 2488 verba
979 2450 1131 2488 ceteras
1156 2448 1377 2500 superfluas
1402 2450 1522 2499 putat
1545 2460 1840 2498 supervacanea
1859 2452 1952 2488 sunt

185 2516 279 2564 post
307 2514 505 2565 siquidem
531 2546 540 2555 .
567 2545 575 2553 .
603 2544 612 2554 .
638 2517 679 2554 et
704 2515 751 2560 Z,
782 2515 902 2554 verba
933 2513 1096 2565 quidam
1124 2545 1132 2553 .
1160 2545 1167 2554 .
1196 2544 1205 2553 .
1231 2514 1485 2554 erediderunt
1515 2525 1561 2554 ex
1593 2515 1664 2554 tali
1693 2516 1824 2564 foma
1855 2526 1949 2564 pro-

193 2581 344 2619 creata:
361 2579 491 2619 Varro
510 2580 666 2620 latino
686 2580 893 2621 sermoni
913 2579 1092 2619 sufficere
1106 2579 1240 2619 decem
1254 2581 1295 2619 et
1313 2581 1466 2630 septem
1484 2580 1642 2620 litteras
1656 2579 1825 2619 credidit
1838 2591 1950 2629 e.q.s.

315 2652 413 2700 207,
433 2652 551 2700 4sqq.
595 2650 656 2700 G'f.
681 2651 844 2691 Kettner
868 2647 1059 2691 ‘Vm-ron.
1082 2648 1262 2691 Studien’
1299 2650 1376 2700 (ed.
1402 2663 1439 2692 a.
1469 2651 1604 2700 1865)
1632 2664 1676 2701 p.
1704 2653 1784 2698 12,·
1816 2652 1951 2700 Reppe

194 2716 241 2756 de
266 2715 315 2755 L.
335 2714 444 2756 Ann.
467 2716 583 2757 Corn.
602 2729 647 2766 p.
669 2719 735 2757 67.

316 2789 415 2836 207,
436 2789 460 2827 9
475 2799 554 2838 sqq.
586 2788 737 2828 Locum
747 2790 1002 2837 posteriorem
1017 2790 1266 2837 yrammatici
1285 2786 1521 2841 (singularis
1540 2800 1728 2828 numerus
1754 2818 1763 2827 .
1791 2819 1799 2827 .
1826 2818 1834 2826 .
1860 2801 1951 2839 pro-

194 2847 422 2907 nuntietur)
455 2865 543 2893 cum
573 2854 665 2893 aliis
695 2854 839 2893 ibidem
871 2854 1049 2894 exhibitis
1079 2855 1134 2894 ad
1166 2854 1383 2893 Varronem
1413 2856 1511 2892 recte
1541 2855 1688 2892 rettulit
1715 2853 1953 2893 Lachmann

195 2920 239 2958 in
263 2919 384 2958 Lucr.
402 2931 445 2969 p.
475 2920 562 2959 186
592 2921 755 2969 itemque
787 2919 933 2959 Vsener
956 2920 1064 2959 Mus.
1085 2920 1208 2959 Rhen.
1231 2919 1387 2958 XXIV
1401 2931 1444 2968 p.
1474 2921 1560 2958 104
1572 2931 1649 2967 sqs
1679 2931 1792 2967 quem
1822 2921 1953 2958 tamen

195 2984 239 3022 in
264 2984 511 3024 adnotatione
535 2986 687 3024 tantwm
711 2985 964 3024 exhibuerunt
985 2985 1272 3024 Wilmannsius
1290 2985 1604 3032 Funaioliusque
1630 2983 1751 3033 (male
1773 2985 1817 3023 in
1841 2986 1951 3034 fray-

196 3051 322 3089 mento
345 3050 430 3099 ipso
454 3051 678 3099 recipientes
696 3062 797 3100 quae
815 3053 950 3089 contra
976 3050 1192 3089 Varronem
1208 3051 1346 3099 priore
1369 3050 1449 3089 loco
1471 3049 1626 3089 addidit
1640 3049 1952 3099 mammaticus).
