2144 3340
280 141 326 176 VI
1008 140 1280 176 PRAEFATIO

274 250 491 293 Romanae
516 247 870 304 Fragmentorum
903 263 936 290 a.
964 246 1179 291 MCMVIl
1209 252 1252 291 et
1277 249 1531 292 Wessnerus
1562 265 1675 306 mox,
1706 253 1755 293 ut
1786 266 2021 306 speramus,
2072 296 2077 299 ,

276 322 433 364 inseret
465 319 657 361 omnium
688 318 896 361 Varronis
927 319 1206 374 reliquiarum
1238 321 1495 363 collectioni.
1556 319 1668 363 Nam
1708 321 1844 364 nihilo
1877 321 2018 365 minus

276 391 438 447 optime
463 390 639 446 adiungi
663 390 905 447 fragmenta
928 389 1052 432 libris
1079 391 1256 433 servatis
1280 391 1333 434 de
1357 392 1507 448 lingua
1530 391 1664 434 latina
1690 392 1911 435 sensimus.
1954 390 2018 434 Ac

274 465 420 506 nostra
446 463 586 518 opella
611 461 827 516 quomodo
853 476 898 503 se
928 461 1085 504 habeat
1111 476 1207 503 cum
1233 462 1286 504 ad
1310 461 1526 505 Funaiolii
1555 464 1893 520 recognitionem
1924 466 2016 506 tum

275 535 329 577 ad
365 533 644 576 fundamenta
681 548 705 574 a
738 532 1022 574 Wilmannsio
1060 533 1400 588 praeclarissime
1438 533 1548 576 iacta
1588 533 1631 575 in
1668 534 2017 577 adnotationibus

273 605 460 649 breviter
478 604 786 647 illustravimus
806 618 942 659 neque
967 603 1141 646 uberius
1161 603 1211 646 de
1237 604 1318 646 hac
1342 605 1463 660 parte
1488 604 1533 646 in
1558 594 1872 661 prolegomenis
1892 619 2017 661 agere

274 678 320 719 in
362 676 505 718 animo
550 678 624 717 est.
687 674 811 725 Quod
848 676 1017 730 saepius
1060 676 1248 718 numeris
1281 674 1635 718 Wilmannsianis
1676 676 1742 717 usi
1782 690 1928 718 sumus
1959 701 2017 706 —

276 762 383 804 quos
414 746 573 789 nostris
606 746 684 788 sub
716 746 785 788 his
818 746 939 788 uncis
972 744 1031 803 ()
1064 745 1367 800 adscripsimus
1399 748 1449 787 ut
1480 746 1557 788 sub
1583 746 1651 788 his
1684 746 1743 802 []
1777 746 2017 789 Funaiolia-

272 834 351 862 nos
384 844 452 873 —,
484 819 760 873 conspectum
791 831 1065 859 numerorum
1097 832 1137 871 p.
1163 817 1250 858 242
1282 816 1486 859 dedimus.

391 889 593 945 Magnam
635 903 754 944 spem
795 888 893 930 inde
930 901 1270 943 concepe1·amUS‚
1305 888 1421 942 quod
1454 891 1497 930 et
1528 887 1736 945 Georgius
1766 887 2018 931 Wissowa

274 965 316 1004 et
347 954 598 1003 Franciscus
625 959 848 1002 Skutsch
878 958 962 1001 viri
993 959 1232 1001 doctissimi
1263 959 1473 1014 nobisque
1505 959 1896 1002 benevolentissimi
1926 961 2018 1015 pla·-

275 1034 472 1089 gularum
504 1031 827 1086 relegendarum
864 1031 1087 1086 negotium
1127 1030 1172 1072 in
1204 1045 1248 1072 se
1280 1031 1492 1085 suscipere
1524 1030 1715 1072 animum
1747 1030 2017 1073 induxerant.

275 1103 399 1146 Vnde
443 1104 488 1145 in
531 1101 680 1157 primis
724 1100 841 1143 foliis
879 1104 1126 1156 comparent
1170 1101 1343 1158 egregia
1387 1101 1593 1156 quaedam
1637 1102 1860 1157 utriusque
1904 1116 2020 1144 com-

274 1178 419 1217 menta
449 1171 548 1230 (sub
576 1171 697 1229 siglis
728 1172 808 1215 Wi-
824 1174 867 1214 et
891 1170 991 1229 sla).
1043 1171 1127 1215 Sed
1158 1187 1255 1214 cum
1286 1175 1454 1228 praeter
1485 1175 1689 1215 consueta
1718 1187 1895 1215 munera
1923 1172 2019 1229 plu-

271 1246 380 1287 rima
410 1247 453 1286 et
484 1243 737 1300 gravissima
767 1242 876 1285 alter
906 1244 1083 1286 rectoris
1116 1244 1224 1286 alter
1249 1243 1398 1286 decani
1430 1243 1684 1300 dignitatem
1711 1258 1760 1286 eo
1792 1243 1887 1300 ipso
1913 1246 2018 1285 tem-

272 1331 376 1372 pore
403 1315 642 1369 acciperent
668 1329 751 1369 quo
779 1313 979 1370 plagulae
1005 1329 1057 1355 ex
1084 1314 1214 1369 prelis
1240 1314 1416 1368 exirent,
1443 1314 1644 1357 desistere
1670 1315 1722 1356 ab
1749 1315 1832 1357 hoc
1857 1313 2018 1356 auxilio

276 1387 413 1429 coacti
445 1388 562 1428 sunt:
595 1385 710 1440 quod
742 1399 838 1427 cum
869 1399 948 1427 nos
980 1385 1195 1427 doluimus
1228 1385 1507 1441 dolemusque
1539 1389 1632 1428 tum
1662 1387 1842 1429 lectores
1873 1385 2019 1428 nobis-

274 1473 371 1501 cum
403 1460 446 1500 et
477 1459 576 1499 ante
607 1471 754 1498 omnes
773 1455 912 1498 Varro
945 1459 1090 1498 noster
1122 1459 1365 1512 querentur.
1415 1456 1568 1512 Neque
1598 1457 1758 1499 Paulus
1784 1456 2021 1499 Wessner

274 1528 396 1586 (We)
423 1528 497 1583 qui
522 1542 695 1583 operam
721 1541 746 1568 a
770 1527 895 1569 nobis
921 1527 967 1569 in
995 1526 1213 1570 Donatum
1246 1542 1371 1569 suum
1402 1528 1640 1582 impensam
1672 1528 1857 1583 quodam
1887 1527 2015 1570 modo

271 1601 445 1643 reddere
476 1599 648 1641 volebat
677 1601 856 1654 propter
884 1598 970 1641 loci
1001 1599 1276 1653 munerisque
1307 1599 1667 1654 permutationem
1699 1599 1829 1641 simul
1858 1599 2016 1642 factam

273 1687 366 1714 eam
410 1685 537 1726 quam
586 1672 827 1725 speraverat
878 1684 1002 1725 opem
1053 1669 1177 1724 plene
1222 1669 1321 1711 dare
1365 1670 1518 1724 potuit.
1592 1669 1788 1725 Denique
1830 1669 2017 1712 Adolfus

274 1741 434 1785 Groth
464 1742 539 1784 ubi
571 1756 623 1783 ex
648 1740 861 1784 Teubneri
891 1741 1054 1782 nuntiis
1088 1742 1296 1796 comperit
1327 1741 1406 1784 hos
1431 1741 1567 1783 libros
1592 1756 1671 1783 nos
1697 1741 1887 1783 edituros
1914 1755 2017 1793 esse,

272 1815 496 1857 nobiscum
528 1812 860 1856 communicavit
890 1826 998 1868 quae
1031 1811 1135 1854 olim
1167 1812 1221 1854 ad
1251 1812 1413 1855 multos
1449 1813 1567 1854 locos
1600 1812 1681 1854 sibi
1720 1812 2016 1855 adnotaverat:

272 1886 384 1927 unde
417 1884 533 1940 quod
563 1897 700 1939 pauca
729 1885 897 1926 tantum
928 1883 1367 1939 commemoravimus,
1398 1884 1534 1939 ipsius
1565 1886 1792 1939 praecepto
1826 1882 2018 1925 obsecuti

275 1970 433 1998 sumus.
494 1954 644 1997 Nihilo
685 1954 827 1996 minus
868 1957 912 1996 et
950 1954 1018 1997 his
1053 1955 1152 1996 viris
1193 1955 1353 2010 gratias
1392 1969 1444 1997 ex
1484 1955 1625 1997 animo
1668 1955 1835 2011 agimus
1868 1957 1910 1997 et
1943 1955 2017 2010 qui

272 2029 490 2083 praeterea
525 2026 650 2068 nobis
693 2026 791 2067 usui
833 2026 1007 2067 fuerunt
1045 2026 1243 2068 omnibus
1276 2051 1331 2056 —
1365 2040 1449 2081 quo
1495 2027 1540 2068 in
1575 2040 1753 2069 numero
1796 2026 1880 2069 hoc
1921 2027 2016 2068 loco

275 2098 404 2140 etiam
444 2097 675 2139 Ernestum
716 2096 868 2139 Diehl
909 2098 1118 2152 collegam
1156 2110 1248 2138 esse
1287 2111 1522 2152 monemus,
1560 2097 1672 2140 infra
1703 2096 2015 2152 Hieronymum

272 2169 461 2211 Vitelli
487 2169 671 2211 amicum
695 2168 919 2211 laudamus
942 2192 1000 2198 —-
1025 2169 1237 2223 simulque
1263 2169 1433 2210 veniam
1458 2170 1656 2223 petimus,
1683 2168 1796 2223 quod
1823 2168 2016 2222 quamvis

271 2239 457 2282 multum
490 2240 695 2295 temporis
727 2242 771 2281 et
801 2240 883 2282 toti
912 2239 1013 2281 huic
1038 2239 1218 2281 editioni
1250 2242 1293 2281 et
1323 2239 1407 2294 ipsi
1441 2241 1706 2282 correcturae
1737 2239 2017 2293 impertiveri-

273 2326 382 2366 mus,
412 2313 556 2354 tamen
582 2311 634 2353 ab
662 2311 877 2353 erroribus
903 2324 1051 2352 cavere
1075 2325 1164 2353 non
1188 2310 1412 2366 valuimus,
1443 2324 1551 2365 quos
1578 2310 1719 2365 quoad
1749 2310 1842 2352 fieri
1872 2309 2017 2365 potuit

275 2381 316 2422 in
351 2380 569 2424 Addendis
600 2386 643 2424 et
675 2381 946 2438 Corrigendis
977 2384 1231 2424 notavimus.

396 2463 602 2507 Dedimus
633 2463 759 2507 Ienae
790 2468 832 2507 et
863 2463 1172 2520 Heidelbergae
1204 2479 1258 2506 m.
1289 2463 1525 2507 Novembri
1557 2479 1592 2507 a.
1624 2463 1827 2507 MCMIX.

1583 2546 1630 2591 G.
1662 2547 1710 2592 G.
1777 2547 1824 2591 F.
1856 2547 1897 2591 S.
