2144 3340
808 105 1177 145 PROLEGOMENA
1793 105 1877 142 XIII

112 235 169 265 ex
193 221 288 264 solo
313 218 571 276 Hieronymi
597 218 736 262 indice
761 220 909 261 notam
934 216 1084 261 referri
1109 218 1305 273 possunt,
1332 214 1466 260 Goetz
1491 215 1676 259 coniecit
1701 215 1874 259 Petrum

113 306 191 337 sex
215 290 339 336 libris
365 291 549 334 servatis
569 289 872 334 adnumerasse
897 292 985 333 tres
1011 289 1065 332 ad
1091 287 1362 345 Septumium
1390 288 1544 331 missos
1569 288 1615 332 in
1641 288 1736 344 ipso
1762 288 1877 344 prin-

112 362 231 422 cipio
261 362 288 406 1.
308 362 350 406 V
381 364 759 406 commemoratos:
799 375 935 418 eaque
966 361 1215 405 coniectura
1255 360 1538 403 confirmatur
1568 374 1621 403 ex
1661 359 1876 402 similibus

114 434 301 480 aliorum
342 434 577 490 erroribus,
618 434 670 477 de
710 433 868 490 quibus
911 431 1099 490 Spengel
1140 430 1294 489 praef.²
1331 447 1371 489 p.
1410 430 1472 474 IX
1513 431 1722 488 quaedam
1764 445 1873 474 com-

113 506 273 564 posuit.
335 506 533 563 Denique
572 521 661 549 non
702 504 996 563 neglegendus
1030 507 1094 548 est
1134 504 1297 548 formae
1333 517 1569 547 consensus
1610 504 1723 546 inter
1754 503 1876 546 illum

112 579 317 634 codicem,
349 579 423 635 qui
453 578 746 636 fragmentum
778 576 1098 621 Varronianum
1129 591 1227 620 cum
1260 575 1472 619 Frontino
1505 574 1777 632 Vegetioque
1809 589 1877 618 ex-

113 650 236 694 hibet
260 652 304 694 et
333 651 477 707 ipsum
502 650 560 693 F:
592 652 772 706 uterque
799 650 927 706 enim,
958 650 1007 691 ut
1038 649 1124 691 iam
1151 648 1250 690 Keil
1275 648 1432 691 extulit
1456 647 1571 704 apud
1598 646 1875 704 Spengelium

113 724 342 766 comment.
369 737 409 779 p.
435 721 536 778 434,
567 721 782 779 oblongus
814 723 881 764 est
910 721 956 764 in
988 723 1157 776 quarto,
1188 735 1286 764 cum
1319 720 1571 775 ceteroquin
1601 719 1646 762 in
1679 718 1879 762 coenobii

113 794 277 838 montis
309 790 455 837 Casini
496 793 717 838 codicibus
759 793 985 836 sollemnia
1025 793 1111 835 sint
1151 791 1257 835 folia
1298 791 1538 847 imperialia
1578 806 1676 834 cum
1714 791 1879 833 duabus

114 865 339 909 columnis.
401 865 520 909 Haec
563 865 708 908 omnia
749 880 847 909 cum
887 868 976 908 tam
1017 864 1190 922 egregie
1231 865 1345 907 inter
1382 878 1427 906 se
1465 863 1740 919 conveniant,
1781 877 1879 906 con-

113 937 322 981 fidentius
363 938 494 980 etiam
526 951 657 993 quam
689 936 790 980 Keil
830 937 1046 980 affirmare
1086 950 1318 993 possumus
1351 950 1404 978 ex
1445 936 1542 992 ipso
1575 935 1722 979 codice
1752 935 1800 978 F
1834 935 1880 977 in

114 1011 263 1053 monte
283 1008 428 1052 Casini
453 1009 717 1066 excerpsisse
742 1023 820 1051 sua
839 1008 1015 1052 Petrum
1036 1008 1278 1051 Diaconum
1304 1010 1347 1051 et
1373 1008 1495 1052 ilh'nc
1519 1010 1672 1064 postea
1697 1007 1878 1050 eundem

113 1080 274 1124 librum
287 1081 464 1125 unicum
483 1083 826 1137 transportatum
841 1095 932 1124 esse
946 1079 1263 1137 Florentiam.¹)
1295 1079 1449 1136 Neque
1468 1080 1514 1122 in
1533 1079 1614 1122 hac
1628 1079 1879 1135 quaestione

115 1152 241 1195 nobis
266 1153 520 1208 scrupulum
547 1153 682 1208 inicit,
708 1151 825 1208 quod
851 1152 964 1195 idem
991 1151 1193 1208 Spengel,
1225 1151 1300 1207 qui
1332 1151 1378 1194 in
1403 1151 1515 1194 hanc
1539 1165 1630 1194 rem
1656 1165 1880 1208 argumen-

114 1226 208 1266 tum
241 1225 388 1267 attulit
418 1223 822 1283 luculentissimum,
853 1224 992 1267 nihilo
1026 1224 1169 1267 minus
1200 1224 1228 1266 1.
1254 1237 1286 1266 s.
1314 1238 1346 1266 s.
1378 1238 1418 1278 p.
1443 1223 1530 1266 481
1548 1237 1609 1279 sq.
1643 1223 1796 1265 statuit
1820 1247 1880 1253 ——

115 1296 374 1339 assentiente
402 1294 538 1339 Groth
569 1296 615 1339 in
641 1295 740 1339 diss.
766 1295 944 1354 Argent.
978 1312 1018 1352 p.
1046 1295 1143 1352 [81]
1165 1295 1192 1338 3
1218 1320 1278 1326 —-
1303 1310 1387 1338 non
1417 1310 1469 1337 ex
1502 1295 1597 1350 ipso
1623 1294 1676 1350 F,
1702 1294 1775 1337 sed
1806 1309 1880 1350 po-

114 1367 204 1409 tius
242 1382 294 1409 ex
333 1367 425 1409 eius
466 1367 588 1410 fonte
627 1367 832 1411 haustum
869 1382 962 1410 esse
1002 1367 1309 1425 fragmentum.
1373 1365 1500 1417 Quod
1537 1366 1679 1410 effecit
1711 1381 1763 1408 ex
1795 1381 1881 1408 una

114 1438 301 1481 maxime
333 1438 632 1483 emendatione
664 1454 794 1495 quam
825 1439 1099 1482 coniecturae
1132 1438 1279 1481 deberi
1316 1453 1407 1481 non
1444 1439 1636 1491 admisit,
1668 1438 1749 1480 etsi
1788 1438 1881 1493 ipse

114 1508 327 1553 concessit
360 1510 466 1552 satis
499 1510 673 1553 doctum
704 1510 944 1554 necessario
983 1510 1116 1553 fuisse
1150 1511 1499 1567 epitomatorem,
1538 1510 1611 1567 qui
1645 1525 1698 1553 ex
1739 1509 1881 1566 operis

115 1581 310 1625 exih'tate
335 1582 637 1638 gravissimum
661 1582 955 1640 fragmentum
982 1583 1219 1639 prudenter
1245 1582 1424 1640 elegerit
1450 1581 1587 1640 (quod
1613 1585 1881 1638 quantopere

115 1654 344 1697 conveniat
379 1653 427 1696 in
464 1653 582 1698 Petri
620 1653 804 1698 Diaconi
842 1655 986 1697 studia
1023 1655 1152 1699 modo
1191 1653 1503 1712 exposuimus).
1565 1653 1712 1710 Atque
1750 1667 1882 1698 conse-

115 1725 324 1781 <de>runt
352 1739 432 1782 pro
458 1730 675 1770 conserunt
700 1727 870 1783 aliaque
895 1726 1116 1770 hominem
1143 1727 1318 1770 doctum
1344 1729 1467 1769 acute
1494 1726 1730 1770 correxisse
1755 1726 1882 1769 facile

115 1797 318 1854 largitur:
350 1797 479 1854 idque
511 1797 637 1854 plane
671 1801 850 1855 apparet
880 1814 922 1855 p.
952 1798 1019 1854 14,
1050 1798 1117 1855 15,
1149 1799 1225 1841 ubi
1255 1799 1411 1841 ibidem
1444 1799 1676 1855 supplevit,
1709 1798 1791 1841 etsi
1822 1798 1883 1841 ibi

116 1869 287 1911 tantum
320 1869 511 1925 quadret,
543 1872 588 1912 et
618 1872 746 1912 antea
775 1870 1100 1927 Alban0<rum>
1131 1895 1186 1901 —
1219 1873 1270 1913 ut
1302 1870 1407 1913 olim
1439 1870 1570 1913 etiam
1604 1869 1793 1927 Spengel
1823 1895 1882 1901 --

117 1942 287 1996 praeter
311 1955 413 1983 rem.
458 1940 584 1991 Quod
603 1956 704 1984 vero
735 1941 800 1998 15,
817 1942 869 1984 11
897 1942 1204 1986 aceleuz'benna
1230 1942 1430 1985 exhibuit
1454 1957 1533 1998 pro
1560 1942 1881 1997 aceleuibenno,

118 2010 233 2053 credi
264 2011 338 2054 vix
374 2026 500 2067 posse
537 2012 804 2056 rarissimum
844 2029 1001 2057 nomen
1034 2014 1267 2058 Etruscum
1305 2028 1385 2056 suo
1417 2013 1557 2056 Marte
1597 2014 1721 2056 illum
1761 2013 1883 2056 resti-

117 2081 265 2137 tuisse,
297 2082 371 2125 sed
402 2097 455 2125 ex
487 2083 722 2140 exemplari
758 2083 844 2127 hoc
875 2085 1179 2141 depromptum
1218 2100 1322 2128 esse.
1386 2085 1550 2129 Verum
1584 2085 1752 2128 etiamsi
1785 2099 1883 2127 con-

118 2153 308 2196 cedimus
328 2153 470 2210 ipsum
493 2153 661 2197 Caelem
681 2155 927 2199 Vibennam
946 2156 1018 2199 vix
1038 2171 1088 2199 ac
1107 2171 1160 2199 ne
1179 2157 1252 2200 vix
1273 2157 1448 2213 quidem
1469 2160 1622 2200 notum
1641 2157 1775 2199 fuisse
1797 2157 1882 2212 epi-

118 2225 324 2268 tomatori
343 2250 402 2256 —
421 2240 550 2282 quem
575 2226 751 2270 Petrum
779 2226 1022 2271 Diaconum
1053 2229 1277 2271 nominare
1302 2243 1535 2285 possumus
1561 2253 1632 2284 -,
1658 2231 1805 2271 tamen
1831 2243 1883 2271 ex

118 2297 320 2354 analogia
338 2298 564 2341 nominum
583 2299 910 2343 notissimorum
931 2301 1050 2342 velut
1071 2299 1296 2355 Perpenna
1318 2300 1540 2355 &minna
1560 2326 1619 2331 —
1644 2300 1696 2343 de
1723 2301 1882 2356 quibus

118 2367 165 2417 in
206 2367 276 2411 his
320 2369 426 2426 ipsis
469 2370 593 2413 libris
627 2370 765 2414 Varro
810 2371 1006 2428 loquitur
1036 2397 1096 2402 —
1128 2371 1349 2416 Porsenna
1387 2372 1484 2414 aliis
1523 2375 1677 2428 sponte
1721 2373 1882 2415 inferre

239 2488 274 2533 1)
298 2486 342 2522 In
375 2487 538 2524 transitu
570 2489 761 2535 tangimus
795 2489 836 2524 in
870 2489 1172 2536 orthographicis
1206 2489 1318 2525 rebus
1353 2501 1429 2526 non
1460 2490 1589 2526 deesse
1622 2502 1720 2535 quae
1744 2490 1883 2527 Italum

118 2544 313 2581 librarium
339 2547 498 2592 prodere
522 2547 731 2584 videantur.
773 2548 886 2584 Velut
911 2549 1013 2595 quod
1038 2560 1153 2586 oscur.
1182 2551 1307 2586 exstat
1331 2554 1366 2594 4,
1382 2554 1426 2586 15
1452 2551 1542 2585 ante
1568 2561 1660 2586 corr.
1682 2553 1721 2586 et
1742 2554 1822 2594 106,
1839 2555 1880 2586 11

118 2604 199 2640 sine
224 2616 315 2641 corr.
342 2605 404 2652 (cf.
431 2606 546 2642 etiam
572 2607 738 2644 istitutus
761 2608 979 2644 incohatum
1005 2612 1062 2652 85,
1086 2610 1155 2655 11).
1206 2609 1287 2645 Iam
1313 2613 1369 2652 62,
1391 2612 1412 2645 8
1439 2620 1523 2645 cum
1550 2609 1713 2656 Spengel
1744 2609 1885 2656 praef.'

117 2676 154 2710 p.
168 2663 321 2710 VHIsq.
348 2676 423 2700 non
447 2666 586 2702 iniuria
600 2667 641 2703 F
655 2667 727 2703 diti
751 2667 878 2714 potius
899 2679 1012 2713 quam
1032 2668 1125 2705 dicti
1147 2668 1368 2715 praebuisse
1388 2669 1574 2715 opinetur,
1600 2670 1756 2706 minime
1782 2671 1882 2705 recte
1934 2701 1941 2708 ,

119 2724 169 2760 ad
194 2725 282 2761 Diti
304 2727 464 2770 revocat,
490 2727 591 2771 quod
616 2727 721 2762 nullo
747 2728 858 2763 modo
893 2728 983 2763 ferri
1007 2729 1144 2774 possit:
1177 2741 1265 2764 nam
1290 2728 1527 2765 referendum
1555 2731 1612 2765 est
1637 2729 1686 2764 ad
1718 2740 1882 2775 pronun-

117 2784 315 2820 tiationem
339 2796 416 2830 qua
439 2787 664 2832 posteriores
693 2787 858 2824 Otobrem
883 2788 963 2824 sim.
991 2788 1178 2825 dicebant.
1230 2788 1311 2832 Quo
1337 2788 1513 2824 addimus
1539 2788 1632 2824 vitia
1658 2789 1707 2824 ad
1734 2788 1881 2824 littera-

118 2855 200 2879 rum
224 2856 248 2891 9
273 2846 312 2881 et
327 2845 351 2890 j
376 2856 508 2882 sonum
533 2847 751 2894 revocanda,
778 2846 880 2883 velut
905 2849 1044 2884 ierusia
1076 2860 1144 2894 pro
1168 2860 1242 2895 θεν.
1263 2852 1321 2892 47,
1338 2852 1381 2884 18
1415 2848 1475 2894 (cf.
1502 2849 1684 2892 ierofante
1710 2850 1750 2884 et
1782 2860 1883 2895 yero-

117 2905 221 2948 fante
246 2903 342 2951 sim.)
368 2906 407 2940 et
433 2909 489 2949 69,
505 2909 549 2941 10
568 2907 736 2953 abiqebat
760 2918 828 2953 pro
853 2908 976 2944 aiebat
1000 2910 1060 2954 (ex
1079 2909 1249 2955 ayiebat),
1276 2907 1356 2943 sim.
1395 2907 1491 2943 Item
1517 2908 1745 2954 epitomator
1766 2912 1822 2951 17,
1839 2912 1882 2943 14

117 2973 142 3010 9
174 2974 243 3009 pro
269 2964 292 3009 j
325 2964 453 3010 posuit
482 2966 583 3002 recte
609 2966 800 3012 accipiens
826 2967 839 3003 1
863 2978 931 3013 pro
957 2969 973 3003 i
1005 2967 1046 3003 in
1071 2968 1112 3004 F
1139 2968 1253 3015 (unde
1285 2979 1377 3004 corr.
1404 2967 1517 3013 adn).
1568 2967 1622 3003 De
1656 2967 1740 3002 aliis
1771 2967 1882 3002 rebus

96 3022 421 3070 ,orthographicis
446 3026 580 3071 postea
605 3025 784 3062 dicemus.
