2144 3340
782 143 1150 191 Paonseoimm
1704 154 1844 191 xxvu

80 268 250 311 textum
279 267 327 310 in
344 265 392 309 F
417 265 619 309 affectum
648 278 741 308 esse
770 265 1127 321 reputaverimus,
1159 278 1420 320 quamquam
1445 278 1718 321 nequaquam
1744 263 1843 308 inde

83 352 255 383 omnem
286 336 481 381 mutandi
511 335 732 380 licentiam
762 334 1075 392 libidinemque
1106 335 1403 391 admittemus,
1434 339 1596 392 tamen,
1626 336 1673 379 ni
1704 336 1845 392 fallor,

82 410 176 454 iure
198 410 350 454 nostro
382 407 690 452 contendemus
725 432 778 440 —
812 410 862 451 ut
886 423 1021 451 unum
1053 407 1208 451 saltem
1239 407 1485 465 exemplum
1522 408 1752 452 afferamus
1783 433 1843 440 —

81 480 134 526 de
178 480 322 525 verbis
365 494 476 537 quae
522 479 628 535 130,
646 479 704 523 28
743 479 967 523 offendunt
997 493 1087 523 non
1116 479 1260 523 minus
1292 494 1451 532 errare,
1495 480 1571 537 qui
1603 479 1843 524 Varronem

82 554 263 610 incuset,
288 554 340 596 ut
363 551 656 596 Reitzenstein
681 550 786 594 fecit
810 566 851 608 p.
877 551 935 594 22
950 551 1044 594 adn.
1062 552 1100 606 1,
1125 565 1256 608 quam
1282 553 1357 607 qui
1383 551 1462 595 tali
1493 566 1592 595 eum
1618 552 1748 615 modo
1775 567 1845 595 ex-

85 627 219 682 cuset,
248 627 300 668 ut
330 623 646 668 Roehrscheidt
677 623 724 667 in
754 637 934 667 censura
966 638 1006 680 p.
1035 622 1121 666 796
1136 622 1231 666 adn.
1263 625 1308 666 et
1332 623 1439 667 802:
1472 624 1548 680 qui
1579 623 1695 680 quod
1726 623 1846 667 addit

81 697 266 755 cogitari
295 710 423 753 posse
452 696 583 739 etiam
609 695 661 739 de
688 695 961 739 ‘correctore'
981 695 1244 739 Artemidori
1275 695 1498 750 inferente,
1530 709 1617 738 non
1650 695 1793 739 minus
1818 711 1844 738 a

82 783 185 813 vero
213 768 439 824 aberravit,
470 768 555 811 nisi
583 767 782 810 insanum
808 781 985 823 prorsus
1011 767 1217 824 fingimus
1243 770 1542 813 correctorem.
1601 766 1741 811 Immo
1761 767 1845 811 hoc

82 854 256 898 quoque
280 840 378 884 loco
404 842 480 884 aut
505 854 602 883 cum
626 839 829 882 Turnebo
854 842 930 882 aut
959 839 1184 883 nobiscum
1216 839 1267 882 de
1298 839 1425 895 lapsu
1455 839 1735 897 cogitandum
1767 842 1843 883 est.

201 911 355 955 Restat
396 913 446 954 ut
490 910 541 954 de
585 910 895 969 orthographia
938 911 1148 967 quaedam
1192 925 1520 968 componamus,
1571 911 1622 954 de
1670 926 1756 968 qua
1798 912 1845 954 in

81 986 333 1029 transcursu
365 982 504 1026 adhuc
535 982 733 1026 diximus.
794 982 940 1039 Atque
971 983 1018 1026 in
1048 982 1118 1026 his
1148 982 1278 1026 rebus
1309 983 1453 1039 quoad
1483 982 1577 1026 fieri
1602 983 1748 1039 potuit
1776 997 1843 1026 co-

82 1055 220 1099 dicem
262 1055 310 1099 F
352 1069 432 1098 nos
476 1058 648 1098 secutos
697 1069 790 1098 esse
837 1054 971 1098 semel
1014 1069 1249 1098 monemus,
1335 1054 1433 1098 Etsi
1481 1054 1703 1098 noluimus
1747 1069 1844 1098 cum

82 1125 314 1184 Spengelio
339 1126 494 1170 Savini
522 1127 712 1183 recipere
743 1141 823 1184 pro
852 1126 1016 1182 Sabini,
1049 1141 1159 1182 quae
1191 1126 1405 1183 scriptura
1435 1127 1574 1170 rarior
1605 1140 1707 1169 sane
1738 1126 1785 1170 in
1802 1126 1851 1170 F

81 1201 165 1251 est,
209 1198 284 1241 sed
326 1198 504 1241 minime
547 1198 682 1242 deest:
723 1213 822 1242 nam
864 1198 1054 1254 priorem
1090 1198 1276 1241 formam
1314 1198 1428 1241 unde
1465 1197 1657 1255 Spengel
1687 1196 1846 1255 praef.²

81 1284 123 1327 p.
143 1268 250 1313 VIII
275 1269 507 1313 contendat
533 1270 855 1326 ‘antiquitatem
886 1270 1103 1323 indicare',
1134 1269 1263 1326 plane
1294 1284 1374 1313 nos
1404 1270 1533 1327 fugit,
1564 1270 1638 1312 sed
1664 1270 1843 1313 conferi—

82 1356 180 1385 mus
210 1355 309 1385 cum
339 1341 464 1385 aluae
494 1356 574 1398 pro
600 1342 720 1385 albae
754 1341 851 1397 134,
877 1342 904 1384 9
937 1344 981 1384 et
1010 1342 1095 1385 iobi
1125 1356 1205 1398 pro
1238 1343 1326 1385 ioui
1359 1341 1459 1399 134,
1477 1343 1505 1385 6
1537 1344 1582 1384 et
1618 1342 1735 1386 uobis
1764 1357 1844 1398 pro

82 1412 198 1457 bouis
232 1412 329 1469 111,
346 1413 401 1456 13
434 1413 745 1470 similibusque.
816 1412 919 1456 Non
962 1413 1100 1470 magis
1144 1417 1287 1467 tepora
1329 1413 1549 1456 interdum
1589 1429 1669 1470 pro
1702 1415 1845 1469 tepora

4 1535 14 1542 ‚
82 1483 279 1528 relictum
315 1499 396 1541 pro
434 1485 673 1529 archaismo
711 1485 922 1528 venditari
960 1499 1088 1542 posse
1134 1486 1221 1528 iam
1252 1484 1303 1528 A.
1331 1484 1519 1543 Spengel
1563 1486 1678 1542 patri
1710 1501 1846 1543 oppo-

82 1556 182 1600 suit.
242 1555 396 1613 Neque
428 1557 479 1600 de
511 1571 592 1612 opu
618 1558 707 1612 fuit
735 1557 789 1600 ab
820 1559 1007 1613 utroque
1038 1557 1226 1601 admisso
1263 1557 1360 1613 191,
1381 1558 1435 1600 18
1467 1573 1547 1601 nos
1580 1557 1706 1601 aliter
1736 1558 1846 1601 iudi-

84 1628 277 1672 cavimus
303 1643 353 1672 ao
378 1628 430 1671 de
460 1629 521 1672 ibi
545 1643 566 1672 e
589 1643 668 1685 pro
700 1629 761 1672 ibi
785 1629 884 1685 <s>e
907 1628 979 1685 40,
996 1629 1017 1671 1
1046 1628 1241 1685 aliisque.
1293 1629 1378 1673 Sed
1402 1632 1517 1673 recte
1543 1630 1656 1673 idem
1681 1629 1844 1673 ibidem

81 1700 244 1744 formas
269 1701 469 1756 antiquas
490 1715 644 1756 prosus
668 1705 706 1744 et
727 1715 858 1754 rosus,
884 1702 1064 1756 deosum,
1095 1701 1200 1744 item
1226 1702 1655 1759 derectus,'probavit.
1705 1702 1843 1746 Porro

83 1772 129 1815 in
178 1771 487 1816 assimilatione
537 1787 647 1828 quae
699 1772 856 1816 dieitur
898 1786 995 1815 cum
1039 1772 1088 1816 F
1125 1772 1400 1816 exhibuimus
1444 1775 1610 1817 accanit
1651 1787 1845 1818 accensus

83 1842 205 1901 (109,
227 1843 282 1887 13
314 1859 368 1887 111.
396 1844 424 1887 2
456 1858 562 1887 corr.
594 1846 790 1889 adcensos
820 1859 872 1887 ex
898 1843 1083 1902 acensos)
1124 1849 1314 1889 accentus
1348 1846 1536 1889 accedere
1566 1847 1749 1901 accipere
1778 1860 1844 1890 ac-

82 1916 261 1972 quirere3
292 1917 445 1971 afferre
474 1918 640 1972 afficere
677 1915 772 1974 (sed
802 1918 990 1972 adfuerit
1021 1916 1091 1972 72,
1114 1915 1208 1974 15)3
1239 1917 1396 1960 allatus
1428 1917 1522 1975 (sed
1553 1918 1712 1962 adlatis
1746 1917 1843 1971 151,

87 1984 162 2044 12)
193 1987 329 2031 allecti
359 1988 535 2043 alliyare
565 1986 661 2046 (sed
688 1988 926 2032 adlocutum
952 1989 1021 2044 77,
1043 1988 1116 2045 163
1148 1989 1310 2033 adlucet
1333 1988 1404 2045 85,
1423 1988 1489 2047 9);
1520 1991 1843 2034 ammonendum

86 2056 147 2114 (5,
165 2057 243 2116 23)
274 2060 549 2103 amminicula
579 2059 671 2117 (92,
691 2058 737 2117 7)
778 2061 1042 2105 amminister
1078 2059 1200 2119 (103,
1220 2060 1247 2103 9
1279 2077 1334 2104 m.
1353 2060 1401 2119 2)
1433 2063 1723 2106 amministrat
1755 2062 1844 2118 (85,

87 2129 134 2173 5:
165 2130 242 2173 sed
259 2130 601 2175 adminiculandi
607 2148 617 2187 3
648 2133 922 2176 administros
941 2133 1012 2188 28,
1034 2133 1108 2189 173
1139 2135 1359 2177 admonere
1377 2132 1637 2191 admovere);
1669 2138 1845 2189 apparet

84 2201 296 2257 appellare
347 2217 567 2259 apponere3
617 2204 836 2247 ascendere
877 2204 1081 2248 ascribere
1123 2206 1330 2261 ascriptus
1378 2207 1614 2261 ascriptivi‚
1664 2219 1846 2250 asserere

85 2272 180 2331 (sed
215 2274 405 2318 adserere
436 2274 572 2331 80,6;
608 2276 783 2330 adsequi
822 2276 919 2331 176,
942 2274 1017 2334 11)
1058 2277 1258 2320 assiduus
1294 2275 1390 2335 (sed
1426 2278 1616 2321 adsimus
1651 2278 1748 2333 119,
1770 2278 1843 2334 18;

83 2346 221 2390 adsiet
250 2346 320 2403 89,
343 2346 417 2404 18)
448 2347 667 2402 assiynata
699 2345 794 2405 (sed
823 2362 992 2403 semper
1016 2348 1314 2404 adsiqnificare
1337 2351 1508 2405 praeter
1536 2350 1634 2406 114,
1652 2348 1701 2407 4)
1733 2351 1846 2405 aspi-

83 2430 171 2461 cere
200 2421 387 2473 aspectus
423 2422 570 2462 astans
605 2420 834 2463 assudescit
869 2420 1089 2464 assuetudo
1120 2434 1329 2465 assumere
1366 2418 1462 2479 (sed
1493 2421 1714 2465 adsumere
1748 2422 1845 2478 142,

84 2488 162 2546 203
207 2488 305 2545 186,
333 2489 427 2548 13);
470 2493 716 2545 attemptare
757 2491 933 2535 attinere
980 2490 1054 2550 (ex
1094 2492 1284 2536 adtinere
1323 2492 1421 2548 160,
1448 2491 1494 2548 6)
1538 2494 1741 2548 attinyere
1783 2497 1844 2537 at-

83 2561 264 2605 tributus
306 2560 543 2619 (adtributa
589 2562 663 2618 16,
693 2561 741 2620 4)
785 2565 1010 2620 attwtmur3
1059 2563 1210 2607 collata
1252 2564 1414 2608 collecta
1458 2564 1609 2619 colleqa
1651 2565 1845 2620 colliyare

84 2632 323 2676 collocutum
359 2633 605 2689 colloquium
635 2634 848 2689 †colludit
879 2633 970 2692 (99,
990 2633 1057 2692 2);
1094 2635 1326 2680 comburere
1362 2636 1392 2691 †
1406 2640 1655 2680 commeatus
1686 2636 1776 2693 (89,
1797 2636 1844 2694 6)

84 2708 356 2748 commentum
390 2707 676 2749 commentarii
705 2707 964 2750 comminisci
994 2707 1243 2751 committere
1272 2709 1479 2751 commode
1508 2710 1746 2752 commodus
1781 2709 1845 2763 (et

84 2776 413 2833 accommodare)
433 2781 656 2821 commotus
676 2791 924 2822 commovere
946 2780 1177 2823 communis
1196 2779 1278 2837 (ita
1298 2779 1395 2836 6,2;
1422 2779 1518 2823 aliis
1543 2780 1683 2836 iisque
1709 2781 1844 2835 pluri-

85 2847 169 2890 mis
205 2846 312 2891 locis
349 2849 536 2892 comunis
576 2849 692 2905 quod
730 2864 820 2893 non
850 2848 1122 2908 admisimus)
1166 2855 1418 2895 commutare
1446 2853 1709 2895 commutatio
1739 2865 1846 2894 com-

85 2918 362 2975 mutabilitas3
392 2933 561 2975 compar
589 2934 834 2975 comparare
863 2923 1075 2977 compend-
1109 2926 1329 2978 competere
1353 2923 1595 2978 compitalia
1619 2923 1847 2977 compluere

85 2990 336 3045 convpluium
360 2992 590 3046 complures
613 2996 867 3047 comportare
890 2995 1101 3048 composit-
1125 2994 1462 3049 comprehendere
1479 2995 1727 3049 computatio
1749 2992 1844 3051 (sed

85 3063 304 3115 conperm's
336 3061 435 3118 149,
455 3062 550 3121 22);
593 3065 778 3108 corrodit
813 3069 1021 3120 correptus
1051 3079 1240 3109 corruere
1274 3069 1491 3120 corruptus
1528 3064 1591 3122 (et
1627 3066 1844 3119 incorrup-
