2176 3386
302 99 391 141 216

660 98 982 142 RELIQVORVM
1006 99 1071 134 DE
1098 98 1420 135 GRAMMATIOA
1444 100 1699 136 LIBRORVM

519 222 544 249 a
590 207 788 263 pluribus
839 207 1049 264 βαρ<ε>ῖα
1095 209 1336 263 appellatur
1372 223 1539 265 graece,
1578 209 1710 251 latine
1750 225 1850 253 vero
1891 210 2051 267 gravis,

516 278 610 321 ideo
643 278 756 333 quod
784 279 983 321 deorsum
1015 282 1092 334 est,
1123 279 1169 321 in
1199 279 1297 321 sede
1330 278 1492 322 scilicet
1523 280 1758 335 ponderum
1790 281 2045 337 graviorum.

517 352 561 391 at
593 364 684 392 eam
720 349 883 404 qu<a>e
915 364 1082 392 sursum
1117 352 1182 392 est
1215 348 1398 393 Glaucus
1438 350 1760 408 ἐπιτεταμένην,
1797 352 1898 394 item
1936 351 2046 394 'alius

516 420 652 473 aliter,
674 421 745 462 sed
765 435 890 463 nemo
911 421 1048 462 adhuc
1066 421 1204 463 levem
1223 421 1402 476 vocavit,
1423 421 1617 476 quamvis
1636 422 1680 463 id
1699 425 1790 464 erat
1808 422 1929 480 gravi
1950 436 2045 465 con-

517 491 716 547 trarium3
747 506 896 534 verum
922 506 970 533 ea
994 505 1150 534 nomen
1177 491 1345 534 obtinet
1376 491 1590 548 ὀξ<ε>ῖαν,
1620 492 1752 535 latine
1783 496 1918 548 acuta,
1948 493 2044 535 ideo
2081 510 2098 537 ε

517 563 633 618 quod
657 563 799 604 tenuis
825 565 868 604 et
894 577 1018 605 omne
1044 565 1216 605 acutum
1243 565 1380 605 tenue.
1425 563 1542 605 'inter
1565 563 1642 606 has
1663 567 1732 607 -est
1762 563 1882 619 μέση,
1912 563 2045 606 latine

515 634 667 688 media,
699 633 799 688 quia
830 634 954 676 limes
980 636 1043 676 est
1074 648 1151 689 per
1176 642 1303 688 quem
1330 634 1436 676 duae
1463 649 1591 690 supra
1617 634 1755 678 dictae
1778 635 1893 677 ultro
1919 635 2045 679 citro-

516 719 598 760 que
625 707 874 747 commeant.
919 705 1152 760 quart<a>e
1177 705 1241 747 illi
1273 704 1515 762 [coniungit
1545 705 1610 761 li],
1642 706 1742 761 quia
1773 706 1924 749 ceteris
1954 721 2045 762 per-

515 775 682 831 plexior
713 778 788 829 est,
820 775 944 831 plura
975 778 1075 818 sunt
1100 776 1319 819 vocabula.
1370 775 1626 819 Ammonius
1648 776 1946 832 Alexandrius,
1971 777 2045 832 qui

515 845 814 902 Aristarc<h>i
857 847 1083 903 se<h>olae
1128 848 1350 902 successit,
1393 846 1617 904 ὀξύβαρυν
1659 850 1800 900 vocat,
1844 835 2047 903 Ephorus
2065 865 2106 892 ιο.

515 919 658 961 autem
698 917 961 973 Cym<a>eus
999 920 1277 974 περίσπασιν,
1313 917 1548 973 Dionysius
1587 917 1814 974 Olympius
1853 919 2045 973 δίτονον,

515 988 816 1032 Hermocrates
866 988 1005 1031 Iasius
1057 990 1365 1043 obuwkeuvov,
1402 988 1743 1045 Epic<h>armus
1795 989 2044 1045 Syracusius

513 1058 888 1116 κεκ<λ>ασμένην;
936 1075 1082 1102 verum
1134 1074 1183 1101 ea
1225 1074 1340 1101 nunc
1388 1060 1440 1102 ab
1492 1060 1690 1102 omnibus
1739 1061 2044 1117 περισπωμένη

512 1145 661 1188 graece
693 1133 881 1187 vocatur,
913 1131 1026 1186 apud
1056 1145 1135 1173 nos
1166 1131 1287 1185 fiexa,
1320 1130 1520 1185 quoniam
1550 1132 1690 1186 primo
1722 1134 1862 1174 erecta
1898 1147 2044 1174 rursus

514 1202 558 1244 in
599 1217 773 1259 gravem
814 1202 1012 1245 flectitur.
1074 1205 1199 1244 acuta
1230 1202 1382 1245 exilior
1413 1205 1456 1244 et
1496 1202 1666 1245 brevior
1697 1205 1739 1244 et
1771 1202 1887 1245 omni
1917 1203 2044 1245 modo
2065 1220 2104 1247 15-

514 1274 656 1316 minor
696 1276 761 1315 est
793 1288 921 1328 quam
962 1275 1115 1330 gravis,
1147 1277 1196 1316 ut
1227 1276 1291 1316 est
1331 1273 1456 1317 facile
1487 1288 1539 1315 ex
1579 1273 1742 1316 musica
1779 1287 2045 1331 cognoscere,

515 1345 636 1387 cuius
668 1344 811 1401 imago
844 1344 1058 1399 prosodia„
1114 1359 1214 1386 nam
1246 1347 1289 1387 et
1327 1344 1368 1386 in
1404 1344 1567 1388 cithara
1599 1344 1799 1400 omnique
1837 1344 2042 1400 psalterio

514 1431 598 1471 quo
641 1430 833 1471 quaeque
875 1415 1087 1471 o<h>0rda
1128 1416 1294 1458 acutior
1326 1431 1374 1458 eo
1407 1415 1558 1458 exilior
1590 1418 1632 1457 et
1670 1415 1778 1458 tibia
1817 1418 1938 1458 tanto
1978 1419 2044 1458 est

512 1502 617 1530 voce
650 1488 839 1530 acutiore
871 1490 1031 1542 quanto
1064 1501 1167 1530 cavo
1201 1486 1464 1544 angustiore,
1496 1487 1599 1529 adeo
1631 1489 1681 1529 ut
1718 1487 1934 1529 corniculo
1971 1490 2045 1529 aut

514 1559 738 1601 bamborio
770 1558 915 1601 addito
948 1558 1119 1615 gravior
1148 1559 1361 1613 reddatur,
1393 1558 1508 1613 quod
1541 1558 1721 1600 crassior
1745 1558 1834 1600 exit
1865 1557 1909 1598 in
1935 1573 2042 1600 aera.
2062 1576 2098 1602 20

513 1630 766 1672 brevitatem
799 1644 969 1684 quoque
1002 1631 1150 1673 acutae
1182 1630 1300 1672 vocis
1333 1630 1378 1671 in
1414 1629 1546 1671 isdem
1581 1629 1751 1685 organis
1784 1619 2044 1671 animadver-

516 1703 606 1744 tere
653 1700 819 1754 licebit,
861 1700 1072 1755 siquidem
1112 1698 1252 1758 pulsu}
1282 1700 1537 1743 chordarum
1576 1700 1701 1742 citius
1739 1703 1863 1742 acuta
1908 1702 2043 1742 trans-

515 1773 643 1826 volat,
685 1772 825 1828 gravis
866 1774 1007 1813 autem
1040 1771 1199 1814 diutius
1238 1771 1412 1814 auribus
1450 1772 1694 1813 inmoratur.
1758 1771 1885 1812 etiam
1926 1770 2044 1825 ipsae

515 1843 697 1886 chordae
731 1858 839 1898 quae
871 1843 1054 1886 crassius
1088 1845 1242 1885 sonant
1277 1843 1493 1898 longiores
1525 1843 1736 1896 videntur,
1768 1842 1868 1896 quia
1904 1842 2043 1884 laxius

513 1914 764 1970 tenduntur,
796 1914 898 1956 item
931 1915 976 1955 in
1006 1914 1152 1956 fistula
1177 1914 1260 1956 duo
1287 1913 1438 1956 calami
1470 1913 1711 1956 brevissimi
1743 1913 1819 1968 qui
1851 1913 2042 1955 acutissi-
2061 1930 2096 1957 25

512 2001 606 2028 mae
638 1986 767 2027 vocis.
830 1984 960 2027 tibiae
994 1984 1223 2040 quo<que>
1255 1985 1464 2027 acutiores
1498 1999 1606 2039 quae
1646 1985 1860 2026 breviores
1893 1987 1936 2026 et
1974 1983 2042 2026 his

513 2057 725 2099 foramina
765 2070 892 2111 quam
935 2059 1035 2099 sunt
1076 2056 1139 2098 ori
1180 2057 1377 2111 proxima
1408 2059 1450 2098 et
1490 2056 1697 2098 brevioris
1730 2055 1836 2097 aeris
1877 2058 2043 2097 motum

512 2128 829 2183 persentiscunt
860 2130 948 2169 tam
979 2142 1129 2170 vocem
1161 2127 1344 2168 reddunt
1375 2130 1552 2168 acutam.
1607 2127 1668 2168 sic
1699 2127 1743 2168 in
1774 2126 2042 2181 loquentium

511 2199 833 2255 legentiumque
866 2212 971 2241 voce
1011 2199 1085 2240 ubi
1128 2200 1229 2240 sunt
1258 2198 1483 2253 prosodiae
1514 2199 1633 2240 velut
1665 2197 1872 2252 quaedam
1906 2196 2042 2252 [i]sta—

514 2271 643 2324 mina,
680 2272 804 2311 acuta
835 2270 1005 2311 tenuior
1036 2272 1100 2311 est
1133 2284 1260 2324 quam
1293 2270 1434 2326 gravis
1467 2271 1508 2310 et
1548 2269 1688 2311 brevis
1721 2268 1837 2322 adeo,
1874 2270 1923 2309 ut
1953 2282 2040 2309 non
2060 2285 2104 2313 3ο,

514 2341 687 2397 longius
720 2355 847 2396 quam
878 2355 956 2396 per
980 2354 1108 2382 unam
1141 2341 1361 2395 syllabam,
1394 2340 1497 2394 quin
1523 2340 1654 2381 immo
1680 2354 1756 2394 per
1779 2353 1912 2380 unum
1937 2341 2040 2380 tem-

419 2462 439 2493 6
469 2458 522 2502 Of.
551 2458 755 2493 Herodiaw.
783 2458 809 2492 I
823 2468 863 2501 10.
886 2460 908 2492 5
921 2468 993 2502 sqq.
1013 2457 1140 2492 Lenta.
1169 2459 1215 2501 (v.
1244 2457 1451 2493 Wilmawns
1469 2468 1508 2502 p.
1525 2458 1570 2491 54
1590 2456 1716 2500 adm.);
1739 2456 1845 2494 schol,
1866 2457 1907 2491 in
1926 2455 2041 2490 Dion.

302 2507 387 2542 Tm.
412 2509 473 2549 23,
488 2509 545 2540 18.
574 2507 718 2548 310,12
742 2505 859 2550 Hily„
885 2505 933 2539 az.

422 2605 438 2635 1
466 2600 588 2634 uaria:
616 2611 697 2635 corr
715 2599 768 2635 ed.
792 2599 897 2634 Vind.
925 2600 935 2645 ΙΙ
962 2602 982 2634 3
1009 2600 1048 2634 at
1065 2599 1120 2635 vel
1145 2599 1192 2634 ad
1216 2601 1220 2645 Ι
1243 2609 1315 2644 que
1340 2610 1485 2633 rursum
1510 2599 1564 2634 vel
1589 2609 1733 2632 sursum
1759 2598 1770 2642 ΙΙ
1794 2602 1816 2632 4
1843 2597 1907 2632 sed
1932 2608 2040 2633 nemo

298 2650 352 2684 vel
372 2648 436 2683 sed
464 2650 469 2692 Ι
497 2647 605 2693 graui
624 2648 679 2683 vel
696 2646 823 2692 grauis
851 2648 862 2692 ΙΙ
892 2650 912 2680 5
931 2657 1061 2681 uerum
1081 2657 1126 2682 ea
1144 2647 1198 2682 vel
1223 2646 1258 2681 ei
1285 2647 1290 2692 Ι
1318 2657 1455 2682 numen
1483 2647 1487 2691 Ι
1517 2643 1638 2688 ὀξείας
1662 2649 1695 2680 et
1719 2643 1911 2691 acuta<e>
1929 2644 2041 2680 Wilm

299 2694 520 2741 (acuta<m>
547 2695 742 2740 Funaiolz)
777 2695 788 2740 ΙΙ
822 2697 843 2729 8
869 2695 1112 2729 commentat:
1148 2705 1228 2730 corr
1252 2694 1306 2729 ed.
1328 2694 1434 2729 Vind.
1467 2694 1472 2738 Ι
1501 2694 1571 2729 secl
1595 2693 1684 2728 Keil
1717 2691 1788 2736 (illi
1819 2691 2039 2727 coniunctae

306 2743 427 2787 Wilm,
452 2742 538 2777 illas
559 2741 802 2787 coniungenti
814 2742 1010 2787 Funaiolz)
1035 2743 1046 2787 ΙΙ
1073 2745 1117 2776 10
1143 2740 1315 2776 oxibarin
1339 2742 1350 2787 ΙΙ
1377 2745 1418 2775 11
1446 2751 1608 2786 aponon:
1635 2751 1715 2775 corr
1733 2740 1828 2774 Weil
1851 2740 1862 2784 ss
1889 2743 1932 2773 12
1953 2738 2039 2773 sim-

297 2790 447 2836 plecton
473 2791 526 2825 vel
551 2789 754 2834 implecton
784 2790 795 2835 ΙΙ
827 2792 870 2824 13
897 2790 1133 2824 cetasmenen
1161 2791 1165 2834 Ι
1192 2799 1458 2834 perespomene
1484 2790 1494 2834 fl
1527 2791 1570 2822 15
1596 2797 1749 2833 grauem
1775 2787 1828 2822 vel
1852 2786 2003 2832 grebem
2028 2787 2041 2831 ΙΙ

301 2842 342 2872 17
371 2837 516 2872 cithara
535 2838 589 2872 vel
614 2837 757 2872 chitera
782 2838 793 2882 ΙΙ
820 2839 863 2870 18
890 2847 1037 2881 quoque
1056 2847 1168 2881 quae:
1195 2847 1276 2872 corr
1294 2837 1346 2871 ed.
1368 2835 1476 2871 Vind.
1500 2837 1504 2881 Ι
1526 2835 1622 2870 tiuia
1648 2836 1705 2879 (ex
1729 2833 1823 2878 uita)
1841 2834 1896 2868 vel
1920 2833 2010 2878 quia
2028 2834 2039 2879 n

299 2900 344 2932 20
370 2896 500 2932 addito
527 2898 584 2941 (esc
603 2895 748 2941 addita)
766 2896 821 2930 vel
846 2895 980 2931 additu
1004 2897 1015 2941 ΙΙ
1041 2899 1084 2930 22
1099 2906 1149 2940 sq.
1174 2885 1381 2930 transuolai·
1400 2895 1453 2930 vel
1477 2893 1717 2929 transuolari:
1738 2904 1818 2929 corr
1830 2893 1883 2928 ed.
1905 2892 2039 2937 Vindu

299 2948 343 2979 25
369 2944 574 2979 tenduntur
600 2945 653 2979 vel
677 2943 879 2978 tendentur
904 2944 961 2988 (ex
985 2944 1199 2988 tenuentur)
1234 2943 1245 2988 ΙΙ
1279 2946 1323 2977 26
1349 2941 1467 2977 tiniae
1492 2943 1546 2977 vel
1569 2941 1716 2976 tibitiae
1748 2941 1752 2986 Ι
1782 2941 1891 2985 suppl
1916 2940 2003 2975 Keil
2027 2941 2041 2984 st

298 2995 341 3027 27
370 3003 482 3036 quam
508 2993 561 3026 *vel
586 3002 608 3025 a
633 3003 743 3035 quam
766 2992 772 3036 Ι
795 2991 881 3025 sunt
905 3002 949 3026 ex
974 2990 1050 3025 sint
1074 2991 1085 3036 ΙΙ
1110 2994 1154 3025 30
1168 3001 1219 3035 sq.
1244 3001 1318 3025 non
1342 2989 1491 3035 longius
1517 2990 1572 3025 vel
1594 2988 1742 3034 longius
1982 3025 1984 3027 ,
