2176 3386
812 124 958 172 mens
982 124 1015 161 v
1043 128 1232 162 ιον-ιω
1843 126 1899 170 51

138 235 193 280 ab
225 250 277 280 eo
309 236 424 293 quod
451 233 603 279 Graeci
635 234 803 292 antiqui
834 233 1034 279 dicebant
1064 233 1249 291 λέκτρον
1278 191 1440 278 lectuin
1466 235 1625 292 potius.
1676 236 1751 291 qui
1781 235 1900 279 lecti-

138 321 233 352 cam
271 306 565 363 involvebant,
606 306 723 363 quod
760 306 850 350 fere
887 308 1123 350 stramenta
1159 308 1284 350 erant
1321 321 1345 350 e
1383 309 1546 364 segete,
1588 306 1793 364 segestria
1830 321 1903 363 ap-

137 380 369 437 pellarunt,
399 381 450 423 ut
474 379 604 423 etiam
629 393 746 423 nuno
771 378 817 422 in
842 378 1008 435 castris,
1038 378 1123 422 nisi
1157 379 1193 421 si
1219 393 1246 421 a
1270 376 1459 422 Graecis:
1490 393 1591 422 nam
1617 378 1902 434 στέγαστρον.

137 450 214 496 ubi
249 451 387 496 lectus
424 450 584 494 mortui
624 450 747 506 fitur,
790 450 991 494 dicebant
1033 450 1239 494 feretrum
1278 450 1434 506 nostri,
1479 449 1630 494 Graeci
1673 449 1902 506 φέρετρον.

101 543 119 572 5
137 525 421 580 posteaquam
453 522 718 566 transierunt
748 522 802 565 ad
833 521 1033 578 culcitas,
1073 521 1188 577 quod
1227 522 1272 564 in
1310 536 1380 565 eas
1419 536 1521 566 acus
1553 524 1629 565 aut
1659 524 1901 565 tomentum

138 593 308 639 aliudve
347 594 450 651 quid
492 593 734 650 calcabant,
777 593 831 636 ab
875 593 1130 637 inculcando
1172 593 1331 638 culcita
1374 593 1501 638 dicta.
1569 594 1653 638 hoc
1696 594 1903 650 quicquid

138 665 436 710 insternebant
459 666 514 709 ab
539 665 769 709 sternendo
795 666 1037 722 stragulum
1063 665 1354 722 appellabant.
1403 666 1603 722 pulvinar
1628 667 1695 709 vel
1721 681 1746 708 a
1770 665 1902 722 pluri-

138 737 218 782 bus
258 738 328 782 vel
364 753 389 780 a
426 737 604 794 pollulis
645 737 925 794 declinarunt.
988 736 1146 793 quibus
1188 737 1487 794 operibantur,
1532 737 1816 793 operimenta,
1860 740 1905 780 et

139 810 274 866 pallia
299 810 501 866 opercula
520 809 733 852 dixerunt.
771 809 816 851 in
841 808 910 852 his
929 807 1070 852 multa
1092 808 1335 866 peregrina,
1352 811 1403 852 ut
1428 823 1593 866 sagum,
1611 824 1715 852 reno
1735 809 1905 867 gallica,

3 939 6 945 ι
85 902 120 930 1⁰
138 881 448 939 gannac[um]a
472 884 516 924 et
535 880 863 937 amphimallum
890 894 1060 938 graeca3
1086 883 1236 924 contra
1254 880 1439 924 latinum
1458 880 1609 937 torale,
1627 883 1727 924 ante
1746 883 1904 936 torum,

138 955 183 996 et
212 955 335 997 torus
367 968 392 996 a
422 956 552 1009 torto,
584 952 701 1009 quod
726 953 764 996 is
797 953 843 995 in
868 955 1087 1009 promptu
1150 952 1204 995 ab
1237 951 1319 995 hac
1349 952 1633 996 similitudine
1664 953 1833 996 torulus
1858 953 1905 995 in

137 1025 331 1068 mulieris
362 1025 504 1081 capite
535 1028 724 1068 ornatus.
786 1039 872 1081 qua
897 1024 1084 1080 simplici
1117 1025 1341 1068 scansione
1373 1024 1637 1069 scandebant
1668 1025 1714 1067 in
1742 1025 1903 1068 lectum

134 1110 224 1140 non
249 1096 399 1151 altum,
424 1097 678 1153 scabellum3
710 1096 756 1139 in
781 1096 991 1151 altiorem,
1022 1110 1257 1139 scamnum.
1309 1096 1527 1153 duplicata
1552 1097 1720 1139 scansio
1746 1096 1905 1154 gradus

260 1242 278 1274 1
294 1250 367 1285 sqq.
396 1238 452 1284 Cf.
486 1239 604 1275 Varro
638 1239 674 1274 d.
700 1250 732 1274 v.
755 1249 794 1283 p.
822 1238 868 1273 R.
901 1238 1005 1283 apud
1034 1238 1134 1274 Non.
1163 1241 1226 1282 11,
1247 1241 1293 1274 14
1326 1237 1514 1284 (lecticam
1547 1238 1613 1282 qui
1647 1237 1902 1282 involvebant,

138 1286 322 1333 segestria
359 1285 620 1333 appellabant)
628 1300 642 1330 ;
678 1286 778 1322 Fest.
811 1285 929 1321 Pauli
959 1288 1025 1330 70,
1046 1288 1069 1321 7
1106 1285 1240 1331 (pelles
1277 1285 1451 1321 nauticas
1489 1297 1583 1331 quas
1621 1296 1688 1321 nos
1726 1297 1901 1322 vocamus

138 1334 355 1380 segestria);
397 1334 474 1370 TG.
506 1345 534 1370 s.
566 1335 776 1381 segestrum
808 1332 1044 1379 (στέγαστρον
1080 1337 1114 1370 et
1151 1332 1321 1379 διφθέρα
1357 1331 1505 1379 πλοίου)
1537 1335 1549 1379 ΙΙ
1586 1337 1608 1368 4
1642 1333 1697 1378 Cf.
1731 1333 1828 1371 Serv.
1860 1335 1903 1370 in

137 1383 229 1419 Aen.
249 1382 308 1418 VI
326 1384 404 1418 222
429 1381 580 1427 (feretro
606 1392 741 1429 graece
767 1380 899 1427 dixit);
923 1381 1020 1417 Serv.
1036 1381 1141 1417 Dan.
1161 1383 1203 1417 in
1217 1382 1310 1417 Aen.
1332 1382 1402 1417 XI
1421 1384 1468 1417 64
1493 1380 1687 1426 (feretrum
1706 1381 1810 1416 locus
1836 1381 1903 1417 ubi

136 1429 276 1466 mortui
301 1428 474 1466 feruntur
494 1431 533 1465 et
558 1430 616 1465 est
640 1439 818 1476 graecum
843 1430 1016 1475 nomen);
1040 1429 1133 1466 Isid.
1155 1429 1311 1465 XVIII
1325 1432 1361 1473 9,
1375 1432 1408 1464 1.
1436 1429 1518 1464 XX
1536 1433 1594 1473 11,
1610 1432 1633 1465 7
1639 1443 1653 1473 ;
1678 1429 1784 1466 Lact.
1799 1431 1901 1466 Plac.

136 1479 179 1514 in
209 1478 302 1514 Stat.
333 1478 440 1514 Tlaeb.
474 1477 535 1514 VI
554 1480 601 1514 55
608 1491 623 1521 ;
661 1477 740 1514 ΤΘ.
765 1488 794 1513 s.
820 1488 852 1513 v.
888 1478 899 1522 ΙΙ
934 1479 955 1511 ὅ
983 1477 1039 1521 Of.
1075 1478 1192 1513 Varro
1217 1477 1252 1513 d.
1279 1489 1310 1513 v.
1333 1488 1374 1523 p.
1400 1478 1447 1514 R.
1480 1481 1514 1513 et
1546 1478 1767 1524 Quinquatr.
1800 1478 1903 1523 apud

137 1525 238 1562 Non.
264 1528 324 1569 86,
344 1529 387 1570 4;
413 1525 512 1561 Fest.
539 1526 656 1562 Pauli
681 1528 741 1570 50,
761 1527 786 1561 8
812 1524 966 1571 (culcita
991 1525 1093 1570 quod
1117 1526 1286 1561 tomento
1312 1524 1524 1560 inculcatur
1548 1525 1778 1571 appellata);
1809 1526 1902 1562 Isid.

137 1573 244 1610 XIX
255 1576 319 1620 26,
332 1577 355 1610 4
374 1573 550 1619 (culcitae
574 1574 731 1609 vocatae
750 1572 852 1618 quod
871 1572 1062 1608 calcentur
1080 1573 1121 1608 id
1141 1575 1199 1609 est
1217 1572 1427 1608 farciantur
1444 1572 1575 1618 pluma
1594 1573 1671 1608 sive
1690 1575 1872 1619 tomento)
1891 1575 1904 1620 ΙΙ

138 1623 189 1658 'Is
214 1649 223 1657 .
250 1621 306 1667 Of.
331 1622 410 1659 ΤΘ.
436 1632 464 1657 s.
491 1620 703 1668 instragula
734 1620 918 1667 (stragula
943 1620 991 1656 ab
1021 1621 1237 1667 sternendo)
1271 1623 1276 1667 Ι
1313 1622 1368 1666 Cf.
1396 1621 1494 1658 Serv.
1519 1623 1562 1657 in
1590 1621 1719 1668 Georq.
1740 1623 1815 1657 III
1829 1624 1903 1657 532

136 1671 176 1715 (p
217 1669 362 1705 vinaria
383 1698 390 1706 .
413 1697 421 1704 .
443 1697 450 1704 .
471 1669 623 1715 proprie
643 1668 784 1713 lectuli,
805 1668 870 1714 qui
896 1668 1013 1704 sterni
1033 1669 1073 1704 in
1091 1668 1246 1715 templis
1271 1668 1510 1715 plerisque
1536 1671 1798 1715 consuerunt);
1822 1669 1900 1706 TG.

135 1728 163 1753 ε.
190 1717 365 1766 pulvinus
391 1717 580 1764 (pulvinar
604 1728 690 1753 vero
716 1728 760 1752 ac
785 1716 998 1763 pulvinaria
1023 1716 1237 1763 principum
1263 1717 1321 1752 vel
1345 1728 1494 1764 regum,
1521 1717 1561 1752 id
1587 1718 1645 1752 est
1669 1717 1903 1753 lectisternia

137 1775 233 1810 quae
259 1765 524 1808 sternebantur
542 1765 582 1800 in
606 1765 775 1812 templis)
782 1779 797 1810 ;
822 1765 914 1801 Isid.
936 1765 1043 1801 XIX
1059 1767 1123 1810 26,
1136 1768 1159 1800 4
1179 1783 1224 1795 =
1245 1765 1328 1801 XX
1346 1769 1405 1810 11,
1419 1767 1443 1801 3
1468 1765 1602 1811 (lectus
1622 1765 1781 1801 divitum
1801 1767 1872 1810 est)
1891 1767 1903 1811 ΙΙ

137 1816 158 1848 9
184 1813 277 1850 leid.
296 1813 400 1850 XIX
409 1816 471 1857 24,
485 1815 531 1850 13
557 1815 704 1860 (sagum
729 1814 860 1855 autem,
881 1811 1063 1859 gallicum
1088 1823 1225 1849 nomen
1244 1814 1337 1859 est);
1367 1813 1444 1849 ΤΘ.
1458 1824 1486 1850 s.
1501 1824 1556 1857 v.;
1580 1813 1713 1850 Strabo
1726 1813 1792 1850 IV
1801 1816 1873 1850 196
1894 1815 1900 1859 Ι

138 1860 195 1905 Cf.
218 1861 353 1902 Caesar
376 1862 420 1897 de
445 1862 477 1898 b.
496 1873 530 1908 y.
553 1862 612 1898 VI
631 1864 679 1898 21
687 1875 701 1906 ;
727 1861 877 1897 Sallust.
896 1861 979 1897 hist.
1001 1862 1077 1897 III
1089 1862 1136 1906 fr.
1153 1864 1234 1898 104.
1250 1864 1320 1898 105
1335 1862 1488 1905 Mamm
1507 1861 1604 1897 Serv.
1619 1862 1660 1896 in
1682 1861 1811 1908 Geory.
1832 1862 1908 1897 III

137 1911 211 1945 383
218 1923 232 1953 ;
257 1909 349 1945 Isia.
366 1910 473 1946 XIX
483 1912 544 1953 23,
558 1913 591 1945 1.
612 1912 635 1945 4
655 1911 692 1955 (a
711 1909 843 1945 Rheno
863 1907 1086 1944 Germaniae
1106 1908 1272 1955 flumine)
1293 1910 1304 1955 ΙΙ
1331 1912 1376 1944 10
1398 1909 1453 1953 Cf.
1470 1910 1624 1956 Hesych.
1640 1921 1670 1945 s.
1690 1908 1903 1954 καυνάκαι,·

139 1956 221 1992 GL.
243 1957 327 1993 VII
340 1960 399 2000 14,
414 1961 461 1993 10
487 1958 695 2004 (gannacen
722 1956 790 1992 alii
810 1958 1035 2003 caunacen);
1064 1957 1144 1994 ΤΘ.
1163 1969 1191 1993 s.
1212 1968 1405 2004 gaunaca;
1431 1958 1525 1993 adde
1545 1958 1638 1994 Isid.
1655 1957 1761 1993 XIX
1771 1959 1833 2000 26,
1846 1959 1872 1992 2
1894 1957 1898 2004 Ι

140 2003 195 2048 Cf.
223 2004 324 2040 Ptin.
347 2005 454 2040 VIII
474 2008 546 2041 193
554 2019 568 2049 ‚·
591 2006 700 2042 schol.
725 2006 768 2040 in
793 2006 874 2041 Iuv.
896 2006 972 2040 III
989 2007 1067 2041 283
1092 2005 1255 2051 (antiqui
1281 2004 1571 2051 amphimallum
1596 2004 1746 2041 laenam
1771 2005 1899 2050 appel-

138 2051 284 2099 labant)
291 2066 315 2096 ;,
334 2052 412 2089 TG.
437 2064 465 2088 s.
493 2063 662 2088 camasus
690 2052 943 2098 (amfimallus)
968 2057 1002 2088 et
1027 2052 1233 2088 dalmatica
1274 2052 1278 2101 Ι
1321 2053 1377 2097 Cf.
1400 2054 1518 2089 Varro
1543 2053 1577 2088 d.
1603 2065 1636 2089 v.
1656 2065 1696 2099 p.
1725 2053 1771 2089 R.
1798 2053 1902 2099 apud

139 2099 238 2136 Non.
254 2102 374 2144 11312
393 2100 508 2145 (quod
533 2100 695 2136 frontem
715 2099 872 2136 lecticae
893 2099 1100 2144 struebant,
1127 2111 1171 2136 ex
1191 2112 1236 2136 ea
1254 2100 1372 2136 herba
1390 2102 1492 2136 torta
1510 2102 1634 2136 torum
1653 2100 1898 2146 appellatum.

138 2147 209 2183 hoc
235 2148 336 2193 quod
361 2147 516 2184 inicitur
540 2148 757 2184 etiamnunc
781 2147 879 2183 toral
904 2147 1079 2194 dicitur);
1109 2149 1207 2185 Serv.
1234 2150 1276 2184 in
1302 2149 1395 2185 Aen.
1423 2150 1475 2184 II
1493 2152 1528 2184 2.
1564 2149 1599 2184 V
1618 2151 1694 2184 388
1728 2150 1765 2194 (a
1790 2148 1900 2183 tortis

137 2194 279 2242 herbis)
306 2213 351 2226 =
378 2196 470 2232 Isid.
492 2196 576 2232 XX
594 2200 628 2240 1,
646 2198 672 2231 2
678 2210 692 2240 ;
717 2195 814 2232 Serv.
836 2196 940 2232 Dan.
966 2197 1009 2231 in
1034 2197 1126 2232 Aen.
1154 2197 1183 2232 I
1197 2198 1271 2232 708
1297 2196 1412 2243 (quod
1436 2197 1582 2232 veteres
1609 2207 1720 2241 super
1744 2195 1900 2231 herbam

137 2244 277 2279 tortam
315 2243 500 2279 sedebant
535 2243 594 2280 vel
629 2243 953 2288 discumbebant);
991 2244 1068 2280 ΤΘ.
1094 2255 1122 2280 s.
1155 2245 1259 2279 torus
1291 2249 1325 2281 et
1358 2243 1455 2280 toral
1463 2258 1477 2288 ;
1511 2244 1602 2280 Isid.
1632 2244 1738 2279 XIX
1759 2246 1820 2288 26,
1841 2247 1865 2279 6
1888 2245 1900 2290 ΙΙ

141 2294 244 2338 1289.
261 2292 317 2335 Cf.
331 2292 429 2328 Serv.
443 2292 546 2328 Dan.
567 2293 610 2328 in
627 2292 720 2328 Aen.
734 2291 802 2327 IV
822 2294 893 2328 685
912 2290 1016 2337 (lecti
1036 2292 1276 2337 antiquorum
1296 2291 1366 2327 alti
1386 2294 1494 2328 erant
1513 2293 1551 2327 et
1569 2291 1751 2338 gradibus
1770 2302 1900 2327 ascen-

139 2338 338 2379 debantur)
367 2341 371 2385 Ι
402 2340 457 2383 Cf.
487 2340 614 2387 Quint.
640 2341 724 2376 inst.
752 2341 780 2375 I
799 2342 834 2384 4,
855 2342 903 2376 12
928 2345 1010 2385 (nec
1035 2339 1192 2375 miretur
1223 2351 1289 2375 cur
1320 2351 1365 2375 ex
1396 2350 1548 2376 scamno
1575 2339 1641 2374 fiat
1666 2339 1878 2385 scabillum)
1886 2353 1900 2383 ;

142 2386 224 2423 GL.
247 2387 331 2423 VII
351 2390 408 2432 14,
429 2391 472 2431 6;
498 2389 550 2424 II
571 2391 710 2432 111‚1;
735 2388 827 2424 lsid.
855 2387 938 2424 XX
961 2391 1020 2431 11,
1041 2391 1066 2423 8
1101 2390 1268 2433 (scamna
1303 2388 1390 2423 sunt
1425 2398 1521 2433 quae
1556 2386 1755 2424 altioribus
1789 2387 1898 2423 lectis

139 2436 391 2481 apponuntur,
417 2435 520 2471 dicta
545 2447 568 2470 a
593 2435 818 2471 scandendo.
869 2434 959 2470 hinc
984 2437 1022 2471 et
1047 2435 1221 2480 scabelli,
1249 2435 1314 2481 qui
1345 2435 1454 2471 lectis
1486 2436 1611 2482 parvis
1638 2435 1696 2471 vel
1721 2435 1823 2471 sellis
1851 2435 1898 2471 ob

139 2493 334 2518 ascensum
369 2485 619 2528 apponuntur.
671 2482 876 2519 scabellum
910 2483 1037 2518 autem
1069 2485 1107 2518 et
1137 2483 1421 2529 suppedaneum
1453 2483 1604 2529 dicitur)
1632 2501 1676 2513 =
1706 2483 1786 2519 GL.
1822 2484 1904 2519 VII

138 2533 225 2574 289,
243 2532 313 2574 23,·
355 2531 430 2567 TG.
456 2542 485 2568 8.
512 2531 736 2576 scabellum,
762 2530 999 2575 scamellum,
1025 2542 1219 2567 scamnum
1258 2532 1263 2578 Ι
1306 2531 1360 2576 Cf.
1389 2532 1487 2568 Non.
1515 2534 1598 2575 316,
1618 2534 1666 2567 35
1691 2533 1773 2577 (per
1798 2531 1896 2576 quod

140 2577 189 2613 ad
214 2577 351 2614 altiora
376 2579 570 2614 domorum
596 2581 634 2615 et
658 2578 915 2615 aedificiorum
940 2578 1107 2615 omnium
1132 2579 1340 2625 scanditur)
1348 2593 1362 2624 ‚·
1391 2580 1468 2615 ΤΘ.
1494 2591 1523 2616 s.
1549 2590 1581 2614 v.

262 2713 280 2745 1
294 2721 345 2756 sq.
371 2709 515 2746 lecti-on
539 2709 678 2745 lectum
703 2710 830 2756 potius
856 2722 970 2756 quam
994 2710 1186 2746 lecticam:
1219 2722 1302 2748 corr
1322 2711 1456 2748 Veneta
1482 2713 1531 2755 (v.
1559 2714 1652 2755 test.)
1681 2711 1686 2756 Ι
1714 2709 1898 2756 segestria

139 2758 195 2794 vel
228 2757 448 2804 segestriam
497 2758 551 2794 sic
576 2758 665 2804 (F')
713 2759 725 2805 ΙΙ
756 2762 776 2793 3
804 2759 1015 2805 stegastron
1046 2759 1058 2804 ΙΙ
1088 2763 1111 2795 4
1146 2770 1215 2795 an:
1248 2758 1389 2794 lectum
1421 2758 1488 2794 ubi
1522 2758 1662 2794 mortui
1696 2756 1898 2793 feruntur?

140 2816 172 2841 v.
199 2809 272 2842 test.
297 2806 303 2851 Ι
324 2804 412 2841 fitur
435 2816 476 2842 ve
513 2804 632 2841 fertur
671 2806 725 2843 sic
750 2806 855 2854 (F⁷)]
877 2808 882 2852 Ι
910 2805 1074 2842 feretron
1099 2808 1110 2852 ΙΙ
1136 2811 1157 2841 ὁ
1183 2817 1229 2842 ea
1254 2818 1383 2852 sagus:
1410 2818 1492 2843 corr
1516 2807 1618 2842 Turn
1643 2808 1654 2851 ΙΙ
1681 2809 1701 2840 6
1727 2805 1798 2841 hoc
1824 2806 1848 2841 ι’.
1868 2816 1896 2841 e.

140 2852 213 2888 huc
237 2855 249 2898 ΙΙ
275 2856 360 2898 Ssq.
388 2852 632 2899 operibantur
650 2854 718 2900 (sic
729 2854 802 2899 F')
823 2855 877 2890 vel
896 2853 1163 2901 operiebantur
1184 2855 1189 2899 Ι
1212 2853 1331 2900 pallia
1355 2858 1441 2891 ante
1462 2853 1696 2900 operimenta
1721 2854 1797 2889 trai
1822 2852 1898 2898 Sp„

140 2901 210 2937 secl
228 2902 276 2936 A.
291 2900 369 2947 811,-
395 2912 465 2937 an.-
488 2903 532 2936 ut
555 2900 675 2947 pallia
699 2913 758 2947 op.
786 2900 993 2938 dixerunt?
1017 2902 1079 2948 (cf.
1102 2902 1181 2939 ΤΘ.
1200 2914 1228 2938 s.
1248 2901 1353 2948 palla
1376 2900 1699 2986 &copertoriumD
1727 2903 1732 2946 Ι
1759 2899 1898 2947 gallica

148 2948 265 2984 Tum:
292 2947 385 2995 galli
404 2949 496 2995 quid
514 2949 612 2994 (fort.
632 2961 678 2986 ex
695 2949 835 2996 gallica
853 2951 910 2995 ut)
934 2951 946 2996 ΙΙ
973 2952 1017 2984 10
1042 2960 1278 2996 gannacuma
1297 2951 1364 2995 (sic
1420 2951 1451 2995 ')
1469 2950 1525 2986 vel
1542 2950 1793 2995 gaunacsima:
1820 2958 1898 2984 cor-

141 2996 304 3032 reximus
321 2999 545 3042 (gannacum
565 2996 663 3043 Scal)
685 2999 691 3043 Ι
712 2999 793 3034 tore
812 2997 874 3033 uel
893 2998 991 3043 (sort.
1005 3009 1051 3034 ca:
1068 2997 1225 3043 torach:
1246 2999 1470 3035 correximus
1482 2997 1573 3033 duce
1585 2997 1663 3032 Ala
1681 2998 1761 3042 (qui
1778 2994 1897 3031 torale

143 3043 257 3088 quod)
277 3046 288 3088 ΙΙ
308 3047 350 3079 11
371 3045 496 3080 toruo:
516 3045 823 3082 corrAntonibon
836 3046 951 3090 (terso
967 3044 1121 3090 Caveat„
1140 3057 1171 3082 v.
1186 3049 1261 3081 test.
1280 3046 1284 3089 Ι
1306 3044 1467 3081 tornius:
1487 3045 1667 3091 corrAuq
1685 3046 1696 3089 ΙΙ
1718 3048 1760 3079 13
1781 3042 1896 3078 alium

1562 3104 1608 3137 4*

1929 533 1997 566 167

1931 1037 1999 1070 168
