2176 3386
823 170 971 208 LIBER
993 170 1027 207 x
1052 173 1193 207 τις-84
1801 168 1884 212 191

130 298 185 330 ne
215 286 260 329 ot
290 283 519 342 quicquam
550 282 654 326 item
686 281 828 325 media
857 280 1016 325 extrita
1045 280 1213 337 syllaba
1242 282 1439 323 coactum
1471 281 1538 322 est
1566 292 1764 334 nequam.
1814 278 1891 321 ita-

131 370 216 415 que
245 357 296 400 ut
325 369 421 399 eum
456 368 584 411 quem
615 356 819 411 putamus
850 367 942 396 esse
978 367 1068 396 non
1104 351 1184 395 hili
1217 351 1399 395 dicimus
1441 349 1707 408 [a]n<i>hili,
1745 350 1809 393 sic
1846 350 1890 392 in

131 441 219 485 quo
249 429 452 485 putamus
482 440 575 470 esse
605 439 660 469 ne
691 425 940 482 quicquam,
972 424 1155 467 dicimus
1195 437 1392 480 nequam.
1456 422 1656 479 secundo,
1687 422 1725 465 si
1755 435 1891 464 unum
1916 434 1965 467 82

130 499 273 544 solum
303 498 467 542 habent
497 512 643 542 casum
675 497 722 541 in
751 511 869 552 voce,
901 496 1017 552 quod
1048 510 1136 539 non
1168 494 1419 550 declinetur,
1449 498 1500 538 ut
1528 494 1698 538 litterae
1729 507 1890 535 omnes.

94 587 112 617 ι
129 570 273 627 tertio,
303 569 340 613 si
366 568 597 627 singularis
622 571 689 613 est
713 567 912 612 vocabuli
938 568 1070 610 series
1096 581 1235 623 neque
1260 566 1392 610 habet
1416 581 1516 610 cum
1542 581 1628 622 qua
1651 564 1891 621 comparari

130 642 281 700 possit,
311 644 362 685 ut
391 655 484 685 esse
515 642 672 697 putant
703 642 835 697 caput
866 639 998 696 capiti
1030 638 1186 696 capitis
1217 638 1368 694 capite.
1425 641 1641 695 quartum,
1673 638 1710 681 si
1741 653 1792 681 ea
1819 650 1891 680 vo-

106 711 285 759 'cabula
328 715 537 769 quattuor
579 726 688 769 quae
731 710 1013 756 conferuntur
1055 710 1169 754 inter
1211 724 1258 753 se
1300 710 1511 754 rationem
1548 710 1694 766 (non)
1730 710 1893 753 habent

131 800 261 844 quam
293 787 478 842 oportet,
507 787 558 828 ut
587 798 710 828 socer
740 797 902 839 socrus,
933 796 1100 826 soceros
1132 795 1340 826 socerum.

251 857 290 900 6.
335 859 487 901 contra
516 856 560 899 in
593 854 752 912 quibus
783 854 937 898 debeat
973 854 1179 911 qu<a>eri
1210 855 1428 913 analogia,
1464 853 1553 898 fere
1584 853 1765 897 totidem
1797 867 1892 910 gra-
1918 867 1966 900 88

78 946 115 976 ιο
132 928 212 973 dus
238 928 395 973 debent
419 942 512 972 esse
537 927 773 971 coniuncti:
803 926 994 984 primum
1025 929 1076 970 ut
1106 927 1195 970 sint
1225 926 1364 984 [t]res‚
1396 925 1631 969 secundum
1663 928 1712 968 ut
1743 940 1891 969 earum

132 1001 191 1045 sit
219 1014 336 1055 nsua,
378 999 555 1043 tertium
587 1000 653 1042 uti
682 998 763 1041 hae
794 1012 863 1042 res
893 997 1103 1042 vocabula
1132 997 1333 1054 habeant,
1377 1000 1581 1054 quartum
1624 1000 1674 1040 ut
1704 996 1894 1040 habeant

133 1072 371 1117 declinatus
401 1071 623 1116 naturalis.
658 1071 724 1131 *de
754 1070 893 1126 primo
926 1070 1081 1128 gradu,
1112 1069 1229 1126 quod
1260 1073 1414 1113 natura
1445 1069 1592 1113 subest
1624 1071 1667 1112 et
1698 1068 1892 1111 multitu·

133 1144 246 1188 dinis
278 1147 322 1188 et
351 1143 596 1202 singularis,
633 1142 816 1185 dicimus
853 1141 900 1184 hi
931 1156 1048 1185 asses
1085 1141 1216 1186 hosce
1255 1156 1382 1191 asses,
1414 1141 1486 1184 hic
1517 1156 1563 1184 as
1594 1141 1710 1184 hunc
1735 1155 1892 1196 assem;

133 1218 283 1260 contra
315 1215 431 1271 quod
463 1215 508 1257 in
533 1214 723 1258 numeris
754 1214 891 1256 finitis
923 1213 1216 1257 multitudinis
1247 1217 1401 1256 natura
1432 1213 1663 1270 singularis
1696 1226 1783 1255 non
1814 1214 1893 1267 est,

80 1304 115 1334 ιι
134 1287 292 1331 dicitur
320 1287 366 1330 hi
399 1287 484 1330 duo
516 1288 560 1329 et
588 1285 635 1328 hi
660 1288 760 1342 tres,
791 1284 859 1327 his
889 1285 1058 1328 duobus
1090 1288 1133 1329 et
1163 1285 1231 1328 his
1262 1285 1415 1328 tribus.
1465 1284 1653 1332 secundo
1686 1283 1823 1341 gradu
1855 1283 1892 1326 si
1918 1296 1965 1329 84

134 1361 201 1403 est
230 1361 387 1402 natura
415 1372 557 1414 neque
588 1360 654 1401 est
683 1372 807 1414 usus,
839 1357 882 1400 id
913 1371 1049 1415 genus
1079 1360 1130 1400 ut
1160 1357 1218 1401 sit
1248 1357 1648 1412 discriminandum,
1684 1357 1736 1398 ut
1764 1355 1816 1398 fit
1846 1356 1887 1398 in

133 1430 233 1474 faba
263 1432 308 1473 et
337 1429 383 1472 id
412 1443 561 1486 genus,
592 1443 702 1485 quae
733 1428 838 1472 item
870 1431 913 1472 et
943 1443 997 1471 ex
1027 1431 1149 1485 parte
1181 1431 1226 1472 et
1248 1429 1450 1472 universa
1480 1428 1773 1471 nominamus:
1806 1442 1893 1471 non

133 1502 247 1547 enim
278 1501 445 1558 opu<s>
474 1501 560 1544 fuit
592 1504 640 1544 ut
670 1502 716 1544 in
748 1501 881 1544 servis
903 1517 922 1540 *
944 1517 966 1541 *
988 1516 1009 1541 *
1030 1517 1052 1540 »ι
1075 1517 1095 1540 *
1116 1517 1137 1541 *

134 1631 244 1678 quasi
268 1630 355 1670 nolo
379 1630 495 1676 malo)
503 1644 517 1675 ;
549 1631 633 1668 VII
653 1633 734 1675 150,
754 1633 777 1666 3
802 1631 904 1673 (nolo
930 1631 1032 1667 enim
1062 1630 1195 1667 nevolo
1227 1632 1308 1676 est).
1343 1634 1463 1674 159,2
1489 1630 1589 1676 (nolo
1615 1658 1624 1666 .
1645 1658 1653 1666 .
1676 1659 1682 1666 .
1711 1632 1769 1666 est
1794 1630 1893 1666 enim

134 1691 209 1716 non
233 1678 341 1725 volo).
368 1681 453 1723 305,
467 1682 535 1723 11;
559 1678 652 1715 leid.
679 1679 708 1715 I
725 1681 850 1723 27,16
877 1681 883 1725 Ι
914 1678 1006 1715 Gen.
1033 1679 1094 1714 VI
1113 1682 1229 1723 11‚8.·
1259 1678 1307 1714 Μ.
1331 1678 1448 1714 Varro
1479 1678 1518 1713 in
1550 1678 1658 1714 libris
1685 1678 1732 1714 de
1762 1677 1896 1725 lingua

134 1727 272 1764 latina:
309 1728 355 1762 ut
379 1737 424 1763 ex
454 1737 530 1763 non
555 1727 595 1763 et
618 1725 714 1771 volo,
745 1725 886 1772 inquit,
911 1726 1011 1772 nolo,
1043 1727 1096 1762 sic
1128 1737 1174 1763 ex
1203 1737 1251 1762 ne
1283 1728 1322 1762 et
1353 1726 1557 1772 quicquam
1587 1725 1715 1762 media
1746 1725 1895 1772 syllaba

134 1774 273 1812 extrita
291 1774 541 1820 compositum
561 1776 619 1810 est
636 1785 799 1820 nequam
806 1789 820 1819 ;
847 1776 894 1820 cf.
922 1774 995 1811 Cic.
1019 1775 1124 1811 Tuae.
1145 1775 1239 1821 disp.
1259 1775 1336 1811 III
1349 1777 1386 1818 8,
1400 1777 1449 1811 18
1475 1774 1660 1821 (nequitia
1686 1774 1734 1810 ab
1761 1785 1804 1810 eo
1826 1803 1832 1810 .
1855 1802 1863 1809 .
1886 1803 1892 1809 .

134 1822 236 1869 quod
260 1822 513 1868 nequicquam
538 1824 596 1858 est
620 1822 660 1858 in
685 1821 756 1858 tali
779 1822 949 1859 homine:
970 1834 1015 1859 ex
1033 1834 1108 1868 quo
1127 1822 1229 1858 idem
1248 1821 1360 1858 nihili
1379 1822 1555 1868 dicitur);
1583 1822 1662 1859 TG.
1682 1834 1710 1859 s.
1730 1832 1894 1867 nequam

135 1876 169 1908 et
191 1869 363 1916 nequitia

254 1922 277 1954 4
299 1918 356 1963 Gf.
375 1918 442 1954 IX
459 1922 506 1955 51
519 1929 569 1964 sq.
596 1919 608 1964 ΙΙ
633 1922 655 1954 6
677 1918 732 1963 Cf.
752 1918 819 1954 IX
837 1921 885 1954 53
903 1918 1024 1964 ibique
1042 1918 1254 1964 adnotata„
1274 1921 1319 1954 10
1342 1918 1396 1962 Of.
1418 1918 1485 1954 IX
1501 1921 1550 1955 37
1568 1919 1581 1964 u
1602 1921 1644 1954 13
1658 1929 1709 1965 eq.
1731 1917 1787 1963 C'f.
1811 1917 1893 1954 GL.

136 1968 163 2003 Ι
179 1969 239 2011 76,
251 1969 286 2003 3.
312 1967 468 2010 646,20.
496 1968 659 2011 562‚24;
684 1967 856 2010 111412,
870 1969 938 2010 15,·
971 1967 1055 2002 VII
1066 1968 1238 2011 263,29;
1263 1967 1381 2003 Mart.
1403 1965 1493 2012 Gap.
1513 1967 1591 2002 III
1601 1968 1697 2011 299;
1727 1965 1826 2003 Serv.
1851 1966 1896 2001 in

137 2016 228 2051 Aen.
249 2014 313 2050 IV
328 2016 422 2058 402,·
451 2013 530 2051 Ta.
549 2025 577 2050 s.
605 2025 647 2050 as
683 2015 696 2060 ΙΙ
733 2018 778 2049 16
791 2025 842 2060 sq.
870 2013 925 2060 Cf.
952 2014 1019 2050 IX
1042 2017 1092 2051 38
1117 2015 1239 2060 ibique
1264 2014 1446 2050 adnotata

258 2137 276 2169 1
303 2143 375 2180 ch
351 2134 426 2179 qua
452 2133 528 2179 (sed
551 2134 594 2169 in
618 2133 733 2179 alt.q
759 2133 894 2170 lineola
919 2133 1062 2170 lineolis
1080 2133 1150 2179 del)
1173 2135 1178 2178 Ι
1199 2132 1292 2168 item
1317 2145 1374 2170 om
1398 2137 1433 2170 ct
1457 2132 1707 2179 compositum
1732 2134 1791 2169 est
1811 2132 1894 2169 Gel-

137 2182 228 2217 lius:
264 2192 296 2217 v.
324 2185 400 2217 teat.
431 2181 444 2226 ΙΙ
476 2184 497 2216 2
530 2179 658 2224 dicim
690 2144 813 2216 cnhili
844 2181 944 2227 (sic
970 2181 1080 2217 iuxta
1105 2179 1144 2228 ὰ)
1172 2182 1184 2227 ss
1216 2184 1236 2217 8
1268 2181 1520 2227 nequicquam
1553 2182 1566 2227 ΙΙ
1603 2185 1625 2216 4
1657 2180 1897 2216 declinantur

139 2240 259 2278 Canai
288 2242 300 2286 ΙΙ
331 2243 353 2276 8
379 2241 514 2286 quarto
539 2239 612 2276 nisi
640 2239 762 2277 Gamal
785 2240 872 2286 (nisi
903 2240 1014 2286 falso)
1043 2242 1056 2287 ΙΙ
1088 2243 1107 2275 7
1134 2241 1244 2286 suppl
1265 2241 1357 2278 Mue
1386 2242 1398 2286 ΙΙ
1429 2244 1450 2275 8
1477 2251 1624 2276 soceros
1650 2243 1780 2276 socerfi
1805 2242 1895 2285 (non

138 2289 300 2335 cerum);
325 2298 495 2325 socerum
520 2298 667 2324 socrum
686 2300 719 2333 υ,
745 2298 892 2324 soceros
911 2299 1038 2324 socrus
1054 2289 1147 2325 Mae
1164 2289 1176 2334 ΙΙ
1198 2291 1241 2324 13
1250 2299 1301 2334 811.
1324 2288 1389 2324 ·Hi
1409 2299 1526 2324 asses
1548 2289 1660 2325 hosce
1679 2298 1800 2325 asces·
1822 2287 1895 2324 Hic

138 2347 195 2372 as·
220 2336 321 2372 hunc
346 2337 444 2373 asse-
478 2334 616 2372 Contra
643 2338 656 2382 ΙΙ
685 2340 728 2372 17
754 2335 974 2380 ιιοιιιίηαιιιυ
1006 2335 1092 2372 Non
1117 2336 1218 2372 enim
1243 2336 1394 2382 opufuit
1417 2338 1429 2383 ΙΙ
1455 2340 1500 2372 18
1520 2341 1607 2382 poet
1630 2336 1748 2372 seruis
1781 2336 1895 2382 (quod

136 2384 253 2420 solum
265 2385 307 2420 in
319 2386 412 2421 1214
426 2386 542 2429 extat)
562 2384 631 2420 rel'
653 2395 707 2420 ua
719 2395 814 2431 pars
831 2384 943 2421 huius
961 2396 992 2421 v.
1007 2388 1040 2420 et
1053 2385 1219 2432 paqinae
1236 2385 1423 2431 seriptum
1441 2389 1558 2429 vacat,
1578 2385 1663 2421 item
1681 2384 1745 2429 fol.
1760 2387 1819 2421 35.
1833 2387 1893 2420 36.

138 2434 214 2476 37·,
247 2433 290 2468 in
322 2432 410 2476 folii
442 2436 563 2468 autem
588 2434 611 2467 3
683 2433 809 2479 primo
839 2444 871 2469 v.
897 2433 1010 2469 rubro
1043 2433 1220 2488 &criptum
1253 2437 1306 2469 est
1330 2436 1389 2468 (¹J·
1402 2433 1451 2468 Τ·
1488 2431 1684 2478 (ciceronis
1709 2433 1787 2476 er.)-
1823 2434 1896 2467 Pro

138 2479 225 2516 aulo
260 2478 426 2516 cluentio
457 2499 479 2515 n
499 2499 520 2514 a
539 2490 574 2515 τ’
596 2482 815 2526 (sequuntur
847 2483 896 2516 40
919 2491 952 2516 v.
985 2480 1118 2526 quibus
1151 2481 1284 2526 incipit
1317 2481 1401 2526 ipsa
1431 2481 1550 2517 oratio
1583 2481 1694 2517 ettam
1727 2481 1897 2526 deinceps

138 2531 182 2564 41
209 2538 240 2563 v.
267 2528 310 2564 in
329 2529 477 2574 payina
494 2529 731 2574 perscripta)
