2176 3386
285 465 328 496 67

285 820 329 851 68

285 1176 327 1207 69

287 1532 330 1563 70

285 2172 326 2203 71

358 131 441 173 188
985 131 1049 166 DE
1074 130 1260 166 LINGVA
1283 131 1464 167 LATINA

355 240 458 296 biga
489 239 708 297 quadriga,
737 254 877 295 neque
903 239 955 281 ab
981 239 1050 281 his
1076 239 1254 283 vocibus
1287 254 1394 294 quae
1427 240 1638 283 declinata
1669 244 1780 296 sunt,
1811 241 2098 284 multitudinis
2161 240 2164 245 ’

356 311 601 368 significant
631 310 879 366 quicquam:
917 310 1013 353 ideo
1045 310 1161 365 quod
1192 311 1335 353 omnia
1365 311 1653 354 multitudinis
1694 327 1802 367 quae
1833 312 2101 358 declinantur

355 382 410 424 ab
435 397 535 437 uno,
559 384 609 424 ut
627 396 652 422 a
670 382 832 423 merula
857 383 1058 437 merulae,
1082 377 1183 423 sunt
1207 382 1298 424 eius
1324 382 1453 437 modi,
1478 385 1528 424 ut
1553 383 1760 439 singulari
1786 368 2099 440 subiunga<n>

356 456 439 508 tur,
471 454 533 495 sic
563 454 749 495 merulae
782 453 900 506 duae,
933 451 1097 495 catulae
1123 454 1221 507 tres,
1251 452 1416 494 faculae
1443 456 1658 508 quattuor.
1703 468 1832 509 quare
1858 468 1955 497 cum
1985 453 2099 496 idem

354 539 442 567 non
460 524 600 580 possit
620 523 835 580 subiungi,
859 524 997 578 †oum
1016 523 1198 566 dicimus
1224 523 1349 580 bigae
1374 538 1494 580 unae,
1522 524 1754 580 quadrigae
1780 525 1900 579 duae,
1923 524 2099 580 nuptiae
2135 539 2153 566 s

354 599 453 651 tres,
485 595 558 637 sed
590 609 669 650 pro
701 609 751 636 eo
783 609 894 637 unae
924 594 1068 651 bigae,
1097 594 1224 636 binae
1255 585 1504 651 quadrigae,
1535 595 1672 637 trinae
1701 596 1895 651 nuptiae,
1925 598 2100 651 apparet

354 681 443 709 non
473 680 565 709 esse
596 681 621 708 a
651 666 754 723 biga
785 668 827 708 et
853 665 1060 722 quadriga
1087 665 1167 721 [et]
1193 666 1318 723 bigae
1351 668 1392 707 et
1419 666 1661 722 quadrigae,
1693 666 1767 709 sed
1797 669 1847 708 ut
1877 669 1942 708 est
1971 666 2100 708 huius
2155 702 2157 704 ,

356 737 519 780 ordinis
556 737 705 792 una[e]
744 737 851 779 duae
888 738 975 779 tres
1006 737 1323 792 princip<i>um
1355 752 1457 793 una,
1502 738 1562 779 sic
1593 738 1638 779 in
1667 737 1751 780 hoc
1788 738 1934 780 ordine
1965 738 2099 780 altero

356 822 465 850 unae
491 807 615 851 binae
640 808 777 850 trinae
802 807 1062 863 principium
1089 810 1153 850 est
1177 822 1297 850 unae.
1340 809 1515 850 tertium
1549 822 1683 864 genus
1715 810 1781 850 est
1805 808 1912 851 illud
1943 808 2101 864 duplex

356 879 471 935 quod
503 879 609 934 dixi,
646 879 691 920 in
723 893 808 933 quo
841 882 884 920 et
914 893 981 921 res
1019 882 1062 921 et
1093 893 1218 921 voces
1251 879 1447 922 similiter
1482 893 1561 935 pro
1592 879 1788 934 portione
1821 880 2021 922 dicuntur
2050 881 2100 921 ut
2118 894 2154 921 10

354 950 493 993 bonus
519 951 669 1005 malus,
688 950 791 992 boni
817 950 932 1004 mali,
951 950 1003 992 de
1028 964 1210 1005 quorum
1237 950 1433 1007 analogia
1458 954 1501 992 et
1521 949 1830 1005 Aristophanes
1850 950 1908 1005 (p
1921 953 2011 993 267
2022 950 2100 1006 N.)

356 1024 398 1063 et
428 1021 502 1064 alii
535 1021 812 1076 scripserunt.
862 1021 1018 1063 etenim
1050 1020 1156 1063 haec
1187 1021 1369 1076 denique
1399 1021 1588 1077 perfecta
1617 1024 1667 1063 ut
1697 1021 1741 1063 in
1768 1021 1972 1076 oratione,
2002 1020 2101 1064 illae

356 1093 462 1134 duae
495 1092 711 1147 simplices
742 1091 966 1134 inchoatae
998 1091 1233 1148 analogiae,
1265 1093 1315 1134 de
1341 1093 1496 1147 quibus
1521 1094 1666 1134 tamen
1692 1092 1918 1147 separatim
1951 1091 2100 1143 dicam,

357 1163 473 1218 quod
504 1163 572 1205 his
605 1177 775 1218 quoque
796 1163 970 1205 ‘utimur
1000 1163 1047 1205 in
1075 1163 1301 1218 loquendo.
1361 1163 1435 1205 sed
1465 1163 1584 1218 prius
1617 1163 1668 1205 de
1698 1163 1904 1218 perfecta,
1941 1163 1986 1204 in
2017 1177 2102 1218 qua

356 1238 399 1277 et
436 1249 502 1277 res
540 1237 583 1277 et
614 1249 739 1276 voces
777 1234 960 1289 quadam
999 1234 1280 1277 similitudine
1318 1235 1607 1290 continentur,
1651 1234 1772 1277 cuius
1809 1248 1965 1290 genera
2001 1235 2102 1276 sunt
2118 1248 2155 1275 ιο

354 1307 455 1348 tria:
487 1321 620 1348 unum
652 1306 926 1347 vernaculum
958 1319 1006 1347 ac
1038 1305 1155 1347 domi
1185 1308 1346 1360 natum,
1378 1306 1559 1348 alterum
1589 1305 1895 1360 adventicium,
1925 1305 2102 1347 tertium

355 1377 538 1419 nothum
580 1391 631 1418 ex
661 1377 888 1432 peregrino
926 1376 998 1418 hic
1034 1379 1195 1418 natum.
1251 1377 1525 1419 vernaculum
1556 1380 1621 1419 est
1651 1380 1700 1419 ut
1730 1379 1850 1418 sutor
1881 1378 1924 1418 et
1952 1375 2102 1431 pistor,

356 1449 492 1491 sutori
518 1449 689 1504 pistori3
713 1447 1002 1490 adventicium
1029 1451 1093 1490 est
1116 1450 1166 1489 ut
1184 1446 1395 1490 Hectores
1414 1447 1631 1503 Nestores,
1651 1447 1859 1490 Hectoras
1877 1446 2102 1502 Nestoras3

356 1521 531 1562 tertium
563 1519 671 1562 illud
702 1519 883 1561 nothum
915 1521 964 1560 ut
988 1518 1179 1561 Achilles
1206 1523 1248 1561 et
1272 1518 1406 1561 Peles.
1455 1520 1547 1573 †de
1579 1533 1731 1575 genere
1762 1518 1889 1560 multi
1920 1520 2102 1560 utuntur

355 1606 444 1634 non
474 1591 601 1633 modo
633 1592 798 1646 poetae,
829 1590 903 1632 sed
935 1591 1063 1632 etiam
1095 1590 1289 1645 plerique
1319 1590 1464 1645 †haec
1494 1590 1633 1645 primo
1675 1604 1822 1632 omnes
1855 1589 1929 1644 qui
1961 1588 2102 1631 soluta
2120 1607 2156 1633 ιο

357 1662 550 1705 oratione
581 1662 818 1716 loquuntur
850 1661 1048 1703 dicebant
1073 1663 1122 1702 ut
1149 1661 1473 1716 qu<a>estorem
1499 1663 1753 1716 praetorem,
1784 1660 1846 1703 sic
1869 1659 2101 1702 Hectorem

355 1733 603 1775 Nestorem:
646 1733 793 1787 itaque
824 1731 991 1774 Ennius
1025 1732 1084 1773 ait
1127 1732 1297 1787 (fraym.
1325 1736 1373 1774 tr.
1400 1735 1456 1774 93
1474 1732 1565 1787 RQ:
1610 1731 1826 1775 ‘Hectoris
1862 1733 2011 1773 natum
2049 1730 2102 1772 de

356 1803 541 1846 Troiano
567 1818 691 1845 muro
717 1803 894 1845 iactari'.
929 1802 1083 1845 Accius
1108 1802 1212 1844 11666
1237 1803 1282 1844 111
1308 1803 1541 1859 tragoediis
1567 1804 1666 1857 (inc.
1684 1803 1768 1856 fab.
1791 1801 2014 1844 XXXVI
2026 1801 2100 1856 R.)

355 1876 516 1931 largius
543 1890 567 1917 a
591 1875 734 1931 prisca
765 1874 1070 1916 consuetudine
1101 1887 1272 1916 movere
1304 1874 1446 1929 coepit
1476 1876 1519 1915 et
1545 1874 1598 1916 ad
1622 1873 1782 1916 formas
1813 1886 1987 1928 graecas
2012 1886 2101 1914 ver-

354 1946 508 1989 borum
539 1946 676 2002 magis
707 1959 917 2000 revocare,
950 1945 1029 2000 [et]
1058 1960 1082 1986 a
1107 1959 1192 1999 quo
1212 1944 1410 1986 Valerius
1442 1945 1490 1999 (3
1505 1958 1551 1998 p.
1574 1948 1630 1987 78
1653 1944 1785 1999 Fun.)
1818 1943 1895 1985 ait:
1928 1942 2099 1985 ‘Accius
2119 1961 2155 1988 π,

355 2016 585 2059 Hectorem
625 2018 761 2059 nollet
799 2016 958 2070 facere,
997 2015 1185 2057 Hectora
1225 2015 1400 2058 mallet’.
1461 2015 1577 2070 quod
1620 2015 1857 2058 adventicia
1899 2013 2102 2069 pleraque

354 2088 561 2130 habemus
592 2102 756 2144 graeca,
787 2090 981 2130 secutum
1012 2089 1060 2128 ut
1092 2086 1143 2129 de
1173 2087 1320 2129 nothis
1352 2086 1625 2143 graecanicos
1657 2100 1827 2142 quoque
1858 2085 2101 2128 nominatus

355 2159 565 2214 plurimos
596 2157 862 2201 haberemus.
920 2158 1066 2213 itaque
1096 2160 1146 2199 ut
1182 2157 1254 2200 1116
1291 2157 1376 2200 6116
1406 2172 1576 2213 graeca,
1616 2157 1700 2199 alia
1736 2157 2000 2213 graecanica,
2041 2156 2102 2198 sic

359 2229 599 2286 analogiae,
640 2244 662 2271 e
695 2229 791 2284 quis
824 2243 931 2284 quae
962 2228 1034 2271 hic
1065 2228 1278 2283 not<h>ae
1308 2229 1419 2270 fiunt
1450 2228 1773 2280 declinationes,
1813 2228 1864 2269 de
1894 2227 1962 2269 his
1994 2226 2103 2269 aliae

476 2375 496 2404 5
518 2371 573 2414 Cf.
594 2371 644 2406 ad
664 2373 749 2413 187,
763 2372 812 2406 23
830 2371 842 2414 ΙΙ
863 2373 906 2404 16
929 2369 983 2413 Of.
1007 2370 1042 2404 V
1056 2372 1103 2404 10
1121 2370 1133 2414 ΙΙ
1160 2372 1203 2403 19
1226 2368 1280 2412 Cf.
1304 2369 1384 2404 GL.
1405 2370 1507 2412 123,
1521 2372 1552 2404 4.
1576 2371 1637 2412 68,
1649 2370 1719 2412 22;
1739 2369 1790 2403 II
1804 2370 1863 2411 39,
1877 2370 1942 2411 13;
1962 2367 2099 2403 Amcd.

356 2419 461 2454 Helv.
489 2421 571 2461 116,
584 2421 643 2454 27.
672 2420 755 2461 132,
767 2420 816 2453 28
841 2418 852 2462 ΙῙ
878 2421 921 2451 21
952 2417 1006 2460 Cf.
1035 2417 1142 2452 VIII
1162 2419 1210 2452 72
1234 2416 1355 2460 ibique
1381 2416 1560 2451 adnotata

476 2552 496 2582 2
533 2532 747 2594 significarit
782 2549 815 2593 (τ
841 2547 923 2593 [sic]
958 2558 1074 2592 supra
1107 2548 1150 2581 nt
1174 2550 1207 2582 et
1239 2547 1323 2589 fort.
1350 2557 1375 2580 u
1400 2557 1445 2582 ex
1469 2558 1512 2580 n:
1545 2546 1606 2581 sed
1639 2547 1703 2581 vix
1737 2545 1951 2590 significatu
1984 2545 2101 2580 voluit

356 2597 545 2642 εστι-ὤρεγε)
580 2597 590 2641 ΙΙ
626 2599 646 2629 5
673 2595 773 2638 quod
803 2605 879 2629 non
911 2594 1069 2629 dicimus
1101 2604 1176 2628 una
1207 2593 1298 2639 biga
1323 2593 1430 2638 Sciop
1456 2593 1560 2639 (biga
1584 2604 1659 2628 una
1686 2594 1790 2638 Mae)
1825 2594 1836 2638 Η
1871 2596 1890 2627 7
1917 2593 1974 2628 del
1999 2592 2060 2637 Sp.
2086 2593 2100 2637 ΙΙ

357 2647 441 2688 Ssq.
472 2653 546 2690 une
579 2645 584 2688 Ι
621 2642 810 2687 -principff
841 2653 933 2676 6116·
967 2641 1020 2676 sic
1057 2642 1068 2686 ΙΙ
1108 2645 1150 2675 12
1184 2641 1411 2686 seripserunt
1441 2652 1485 2676 ea:
1516 2641 1690 2675 dixerunt
1721 2642 1836 2685 (eraso
1867 2640 1941 2683 fere
1972 2639 2036 2673 dix
2066 2644 2101 2675 et

355 2701 537 2736 suprascr.
565 2690 695 2735 scrips)
724 2691 728 2735 Ι
759 2689 889 2724 -&en'i:
916 2690 973 2724 est
998 2688 1099 2723 enim
1123 2688 1231 2733 Sciop
1256 2690 1267 2734 ΙΙ
1294 2691 1338 2723 16
1364 2688 1612 2724 dominatum·
1640 2689 1651 2733 ΙΙ
1678 2691 1721 2722 17
1747 2687 1880 2722 nothfi·
1914 2686 1970 2721 Ex
1994 2696 2099 2731 perc-

356 2737 464 2783 grino
495 2737 556 2772 hic
581 2739 674 2772 natfi
698 2735 904 2772 uernaculfi
929 2738 964 2772 ἐ·
1001 2737 1012 2782 ΙΙ
1047 2740 1089 2771 19
1116 2735 1249 2771 Peleus
1269 2735 1365 2771 Laet
1394 2737 1398 2780 Ι
1431 2735 1502 2771 -De
1527 2746 1678 2781 genere:
1711 2734 1932 2782 <secun>do
1963 2744 2100 2779 genere

357 2785 419 2830 Sp.
444 2786 455 2830 ΙΙ
481 2788 525 2819 20
538 2796 589 2829 sq.
615 2785 747 2829 pleriq3
773 2785 858 2831 hec·
884 2783 1009 2818 Primo
1030 2784 1108 2819 offis
1128 2795 1151 2828 q
1171 2783 1294 2819 soluta
1313 2783 1481 2818 oratione
1505 2784 1540 2828 (e
1564 2794 1608 2818 ex
1632 2782 1659 2827 i)
1683 2782 1903 2826 loquuntur:
1929 2780 2099 2826 plerique

357 2843 485 2868 omnes
520 2833 584 2877 qui
622 2831 745 2867 soluta
779 2831 947 2866 oratione
978 2831 1190 2875 loquuntur.
1240 2830 1334 2865 haec
1367 2830 1488 2876 primo
1520 2830 1677 2873 Lachm,
1715 2830 1780 2874 qwi
1815 2829 1938 2865 debuit
1972 2829 2100 2864 saltem

357 2879 383 2927 <
387 2879 563 2927 antiqui>
582 2879 693 2923 haec,
717 2880 794 2914 ‘nisi
816 2879 925 2914 malis
942 2878 1111 2924 plerique
1131 2888 1268 2913 omnes.
1301 2878 1394 2913 haec
1412 2877 1533 2922 primo
1553 2889 1589 2922 q.
1609 2888 1636 2912 s.
1657 2888 1690 2912 o.
1709 2876 1733 2911 1.
1759 2878 1770 2922 ss
1796 2879 1838 2910 21
1865 2877 1987 2921 ptoroe'z·
2015 2875 2068 2910 sic
2087 2876 2100 2921 fl

357 2931 402 2962 23
427 2926 562 2962 lactari
588 2928 676 2972 (non
700 2926 850 2971 lactari)
876 2927 887 2971 Η
913 2930 957 2960 24
984 2926 1084 2973 cepit
1115 2926 1125 2970 Η
1157 2929 1201 2959 25
1227 2935 1419 2960 reuocare·
1445 2924 1573 2969 &aquo
1602 2926 1606 2969 Ι
1635 2924 1691 2959 del
1717 2924 1808 2959 Mae
1832 2934 1861 2959 6.
1888 2924 1935 2959 al.
1962 2923 1999 2968 (a
2025 2933 2099 2967 quo

356 2976 395 3010 et
419 2975 496 3020 Sp.)
525 2977 529 3019 Ι
558 2974 682 3009 accius
707 2985 752 3009 ex
777 2973 882 3008 666111
908 2974 1003 3009 inter
1026 2973 1254 3008 scribendum
1279 2973 1316 3017 (”
1345 2974 1481 3008 lineola
1505 2973 1576 3017 del)
1607 2973 1618 3017 ΙΙ
1650 2975 1693 3006 26
1719 2971 1849 3018 hetore
1874 2972 1885 3016 ΙΙ
1917 2974 1960 3005 27
1986 2980 2099 3016 greca

358 3023 503 3057 secutfi·
530 3022 572 3055 ut
604 3023 610 3067 1
643 3021 854 3056 nominatos
891 3022 901 3066 ΙΙ
939 3024 983 3055 28
1009 3020 1191 3065 plurimus
1226 3022 1231 3065 Ι
1264 3019 1462 3065 grecanica
