2176 3386
68 939 103 967 10

69 1298 102 1326 ιδ

69 2377 105 2404 80

849 168 1158 206 FRAGMENTA
1797 172 1885 215 235

338 278 565 331 sationem,
606 278 820 336 siquidem
860 278 1080 337 significat
1111 279 1242 323 etiam
1274 293 1504 336 personam
1536 295 1645 338 quae
1676 280 1884 338 loquitur.

338 350 435 395 ideo
476 350 563 394 iam
595 350 831 394 obnoxium
863 354 930 394 est
961 351 1133 395 veritati
1166 354 1241 395 aut
1281 351 1483 395 falsitati:
1523 366 1623 395 nam
1655 355 1699 396 et
1737 354 1886 411 negari

339 426 383 467 et
412 422 622 466 affirmari
660 424 817 479 potest.
880 422 1022 466 omnis
1060 423 1207 480 itaque
1238 424 1379 480 prima
1411 427 1455 467 et
1485 424 1672 468 secunda
1703 439 1886 482 persona

338 494 460 538 verbi
491 494 689 551 quamvis
731 494 988 552 singillatim
1025 495 1285 552 enuntietur,
1326 498 1472 539 tamen
1513 496 1627 539 inter
1656 497 1886 540 coniuncta

339 566 471 610 verba
500 566 813 623 numerabitur,
845 566 948 623 quia
973 566 1212 624 simplicem
1239 582 1327 610 non
1352 567 1484 611 habet
1508 568 1885 626 significationem.

340 672 349 681 .
375 672 384 682 .
411 673 420 681 .
445 637 575 681 tertia
606 652 790 694 persona
815 637 935 681 verbi
968 653 1137 695 semper
1168 638 1283 682 inter
1314 639 1530 695 simplicia
1560 643 1812 684 numeratur
1843 644 1886 684 et

341 710 534 754 nondum
565 712 642 753 aut
672 709 881 752 affirmari
912 713 989 752 aut
1018 710 1168 767 negari
1200 714 1357 766 potest,
1388 710 1472 754 nisi
1499 725 1596 754 cum
1622 711 1730 755 talia
1756 713 1886 756 verba

337 784 439 825 sunt
469 781 628 838 quibus
658 781 901 825 necessario
934 781 1134 825 cohaeret
1173 796 1383 838 personae
1415 782 1677 840 significatio
1710 798 1887 827 consue-

336 853 487 897 tudine
516 853 734 910 loquendi,
765 856 815 896 ut
840 867 938 896 cum
964 853 1147 896 dicimus
1175 854 1318 910 ‘pluit'
1346 854 1414 897 vel
1442 854 1660 913 ‘ninguit',
1691 855 1822 899 etiam
1849 857 1886 899 si

336 940 421 969 non
455 924 637 968 addatur
668 925 766 982 quis
805 924 929 981 pluat
961 928 1037 969 aut
1076 925 1275 983 ninguat‚
1307 929 1452 970 tamen
1484 927 1586 983 quia
1618 926 1888 985 intellegitur

335 1012 422 1041 non
462 999 607 1053 potest
647 997 762 1040 inter
802 996 1018 1053 simplicia
1057 998 1288 1041 numerari.
1350 999 1581 1042 coniuncta
1611 999 1742 1042 verba
1784 1002 1887 1042 sunt

336 1083 446 1126 quae
471 1068 555 1112 sibi
585 1082 748 1112 conexa
772 1083 840 1112 res
865 1068 1012 1124 plures
1039 1069 1300 1126 significant,
1330 1073 1381 1113 ut
1405 1084 1504 1113 cum
1529 1070 1712 1114 dicimus
1740 1070 1886 1114 ‘homo

336 1141 546 1184 ambulat'
573 1143 649 1183 aut
682 1140 828 1183 ‘homo
859 1140 1071 1183 festinans
1103 1141 1149 1184 in
1179 1144 1372 1185 montem
1405 1142 1616 1185 ambulat'
1644 1145 1688 1185 et
1719 1143 1756 1185 si
1783 1143 1886 1199 quid

336 1213 434 1256 tale.
498 1211 571 1256 sed
602 1212 932 1255 coniunctorum
964 1212 1195 1256 verborum
1227 1213 1313 1256 alia
1345 1216 1448 1256 sunt
1479 1228 1589 1270 quae
1627 1214 1886 1258 sententiam

337 1283 720 1341 comprehendunt,
750 1287 801 1327 ut
831 1298 882 1327 ea
912 1299 1022 1340 quae
1054 1284 1170 1328 dicta
1201 1287 1316 1342 sunt,
1347 1286 1461 1342 <alia
1486 1287 1625 1342 quae>
1657 1289 1886 1343 expectant

337 1356 503 1413 aliquid
521 1355 606 1412 <ad
625 1355 943 1412 conpletionem
964 1356 1243 1413 sententiae),
1268 1360 1319 1400 ut
1345 1358 1493 1400 eadem
1518 1357 1614 1413 ipsa
1639 1372 1748 1414 quae
1773 1373 1889 1402 nunc

336 1428 544 1484 diximus,
587 1428 623 1470 si
668 1427 899 1471 subtrahas
936 1427 1116 1471 verbum
1154 1429 1271 1485 quod
1308 1429 1499 1485 positum
1538 1432 1604 1472 est
1643 1429 1887 1473 ‘ambulat’2

337 1500 533 1556 quamvis
565 1499 681 1542 enim
713 1499 844 1543 verba
876 1499 1107 1544 coniuncta
1142 1500 1230 1543 sint
1263 1501 1409 1544 ‘homo
1448 1501 1659 1544 festinans
1692 1501 1737 1544 in
1769 1516 1889 1544 mon-

338 1572 457 1627 tem',
496 1574 641 1614 tamen
681 1570 823 1614 adhuc
862 1571 1021 1627 pendet
1058 1572 1215 1615 oratio:
1259 1572 1470 1630 separatis
1508 1573 1644 1631 igitur
1681 1572 1751 1615 his
1790 1587 1889 1616 con-

334 1643 494 1687 iunctis
524 1642 668 1686 verbis
700 1656 810 1699 quae
840 1657 928 1686 non
967 1643 1150 1700 implent
1184 1644 1445 1687 sententiam
1477 1647 1644 1688 restant
1675 1659 1725 1688 ea
1755 1645 1887 1688 verba

337 1715 567 1759 coniuncta
593 1728 702 1771 quae
729 1714 989 1757 sententiam
1019 1715 1402 1772 comprehendunt.
1451 1716 1608 1759 horum
1640 1716 1746 1759 item
1778 1716 1887 1760 duae

337 1787 502 1843 species
533 1790 651 1830 sunt:
682 1789 759 1829 aut
789 1786 904 1830 enim
937 1786 999 1829 sic
1029 1787 1245 1830 sententia
1277 1787 1670 1844 comprehenditur,
1702 1791 1752 1831 ut
1783 1803 1884 1833 vero

337 1862 413 1902 aut
443 1859 554 1902 falso
585 1861 784 1901 teneatur
815 1858 1017 1914 obnoxia,
1048 1862 1098 1902 ut
1129 1861 1196 1902 est
1222 1860 1380 1903 ‘omnis
1410 1859 1542 1903 homo
1575 1859 1786 1903 ambulat'
1813 1864 1888 1904 aut

337 1930 494 1974 ‘omnis
521 1929 652 1973 homo
676 1944 764 1973 non
791 1929 1001 1973 ambulat'
1028 1932 1073 1973 et
1104 1930 1141 1973 si
1168 1930 1273 1987 quid
1303 1931 1433 1974 huius
1458 1931 1578 1974 modi
1605 1935 1692 1989 est3
1724 1934 1800 1974 aut
1825 1932 1887 1974 ita

338 2002 544 2059 impletur
577 2001 803 2057 sententia,
833 2004 883 2044 ut
913 2001 1016 2044 licet
1049 2002 1246 2058 perficiat
1278 2003 1554 2059 propositum
1589 2003 1738 2060 animi,
1771 2003 1886 2046 affir-

338 2074 449 2117 mari
492 2076 638 2116 tamen
679 2073 883 2130 negarive
926 2088 1016 2116 non
1057 2074 1210 2130 possit,
1253 2077 1304 2117 ut
1343 2089 1441 2117 cum
1486 2075 1749 2131 imperamus
1788 2089 1886 2118 cum

340 2148 541 2202 optamus
566 2160 664 2188 cum
690 2158 962 2187 exsecramur
987 2148 1030 2187 et
1057 2145 1229 2188 similia.
1267 2161 1368 2189 nam
1390 2146 1587 2202 quisquis
1613 2146 1719 2188 dicit
1740 2147 1886 2203 ‘perge

339 2216 394 2259 ad
412 2216 576 2259 villam’
598 2215 668 2259 vel
694 2215 877 2258 ‘utinam
897 2219 1050 2273 pergat
1069 2217 1123 2258 ad
1142 2217 1307 2259 villam’
1329 2217 1398 2260 vel
1419 2217 1478 2260 ‘di
1505 2217 1630 2260 illum
1655 2218 1887 2273 perduint’,

338 2303 427 2331 non
458 2290 603 2344 potest
627 2287 752 2345 argui
778 2287 895 2343 quod
927 2287 1163 2331 mentiatur
1193 2290 1270 2330 aut
1295 2288 1410 2331 credi
1437 2289 1553 2345 quod
1577 2303 1728 2332 verum
1755 2289 1886 2332 dicat:

340 2359 452 2403 nihil
483 2360 595 2402 enim
639 2358 874 2402 affirmavit
904 2361 980 2401 aut
1020 2359 1213 2416 negavit3
1253 2374 1356 2417 ergo
1388 2375 1467 2403 nec
1507 2361 1616 2404 tales
1649 2361 1887 2404 sententiae

340 2432 386 2475 in
417 2431 715 2488 quaestionem
746 2430 938 2486 veniunt,
969 2433 1018 2473 ut
1051 2430 1362 2487 disputatorem
1395 2432 1630 2488 requirant.
1681 2432 1756 2475 sed
1787 2432 1886 2476 illae

342 2518 451 2560 quae
482 2503 709 2560 requirunt
739 2504 815 2545 aut
856 2502 1074 2558 simplices
1106 2506 1209 2546 sunt
1248 2506 1325 2546 aut
1355 2504 1626 2547 coniunctae:
1668 2504 1886 2561 simplices

342 2577 444 2618 sunt
468 2589 577 2631 quae
603 2574 696 2617 sine
721 2573 813 2616 ulla
837 2573 1113 2630 copulatione
1133 2575 1372 2618 sententiae
1398 2575 1575 2619 alterius
1595 2576 1886 2626 enuntiantur,

340 2649 390 2689 ut
420 2649 487 2689 est
517 2645 626 2689 illud
659 2645 775 2702 quod
801 2645 982 2689 dicimus
1016 2646 1173 2688 ‘omnis
1205 2646 1337 2690 homo
1369 2647 1598 2704 ambulat'3
1632 2647 1887 2690 coniunctae

344 2720 446 2761 sunt
471 2717 522 2761 de
549 2732 732 2773 quarum
765 2718 1040 2773 copulatione
1071 2717 1297 2775 iudicatur,
1329 2721 1379 2762 ut
1403 2721 1469 2762 est
1495 2719 1548 2761 ‘si
1579 2719 1773 2762 ambulat
1797 2732 1887 2762 mo-

342 2790 494 2833 vetur’.
556 2788 632 2832 sed
662 2803 761 2832 cum
793 2788 845 2831 de
887 2789 1193 2850 coniunctione
1224 2790 1534 2833 sententiarum
1575 2791 1783 2833 iudicium
1824 2791 1887 2844 fit,

246 2946 267 2979 8
294 2944 382 2980 sunt
404 2944 460 2980 vel
484 2942 560 2978 sint
584 2944 595 2988 ΙΙ
623 2945 643 2977 9
668 2941 732 2978 uel
757 2943 810 2978 vel
835 2944 902 2978 aut
923 2943 928 2987 Ι
950 2942 1102 2988 ninguit
1126 2943 1181 2979 vel
1205 2942 1330 2988 ningit
1349 2943 1403 2978 vel
1427 2942 1586 2988 ninguet
1611 2944 1621 2988 ΙΙ
1650 2946 1692 2977 15
1706 2954 1757 2988 sq.
1777 2944 1886 2988 suppl

128 2992 308 3029 Graeceius
331 3002 377 3028 ex
401 2991 477 3028 loco
501 2990 694 3035 inferiore:
718 2989 766 3034 cf.
785 2990 836 3026 ad
857 3001 896 3035 p.
914 2992 1002 3034 236,
1016 2993 1100 3035 9sq.
1119 2992 1132 3036 ΙΙ
1156 2993 1198 3025 17
1220 2992 1278 3026 est
1296 2991 1351 3026 vel
1369 2992 1427 3025 est
1446 2990 1616 3026 ambulat
1640 2992 1652 3035 1!
1678 2994 1723 3026 24
1743 2992 1801 3026 est
1820 2992 1887 3025 aut

126 3039 181 3076 vel
200 3040 240 3075 et
258 3040 325 3075 aut
345 3041 352 3086 Ι
372 3039 428 3075 ita
452 3039 508 3075 vel
531 3038 662 3084 itaque
679 3038 691 3083 ΙΙ
711 3040 755 3072 27
776 3047 1012 3073 exsecramus
1031 3038 1086 3073 vel
1105 3047 1341 3073 exsecramur
1361 3039 1367 3083 Ι
1390 3037 1560 3083 quisquis
1580 3038 1676 3074 dicit
1693 3039 1748 3075 vel
1766 3038 1885 3083 siquis

127 3086 261 3134 dicatu
280 3090 326 3123 28
343 3086 407 3123 nel
425 3087 480 3124 vel
499 3087 567 3122 aut
586 3086 593 3132 Ι
614 3084 669 3120 dii
690 3085 696 3132 Ι
718 3084 897 3131 perduint
915 3085 970 3121 vel
988 3085 1153 3130 perdunt
1164 3086 1219 3122 vel
1237 3086 1400 3131 perdant
1417 3086 1429 3131 ΙΙ
1449 3088 1494 3121 29
1508 3085 1618 3122 dicit:
1638 3096 1720 3122 corr
1732 3086 1887 3123 editores
