2144 3340
810 127 1179 167 PROLEGOMENA
1723 128 1878 165 xxxm

118 242 172 287 de
201 241 347 286 codice
375 239 622 284 doctissime
653 242 697 284 et
720 239 936 284 uberrime
962 238 1200 297 disputavit
1218 237 1432 296 SpengeI’
1448 253 1488 295 p.
1509 236 1878 294 XVII—xxva,

120 327 248 371 quem
279 314 401 357 cuius
431 313 610 356 interest
640 312 863 355 consulere
893 311 1103 355 iubemus.

236 383 307 428 Ab
344 384 490 428 eadem
529 382 696 427 familia
745 397 875 440 quam
912 382 1041 426 modo
1085 381 1364 426 tractavimus
1412 396 1502 425 non
1541 381 1672 424 nimis
1714 381 1878 425 distant

116 456 224 502 libri
252 456 312 512 hi,
343 470 528 513 quorum
559 454 869 499 accuratiorem
901 454 1233 511 descriptionem
1265 453 1469 497 debemus
1500 451 1801 496 Antonibono:

237 539 306 584 20.
339 540 429 583 cod.
463 539 721 583 Mutinensis
753 538 840 581 212
873 537 935 595 (m
965 535 1275 595 Antoniboni)‚
1313 551 1440 593 quem
1473 537 1690 580 immerito
1723 536 1875 580 ceteris

117 611 256 670 pluris
286 611 579 655 aestimavisse
610 610 865 654 Muellerum
901 612 1016 653 recte
1054 608 1225 652 monuit
1254 608 1356 652 Keil
1385 607 1495 651 Mus.
1528 607 1664 652 Rhen.
1697 609 1781 652 vol.
1813 607 1877 651 VI

117 681 174 742 (a.
202 682 337 741 1848)
369 698 409 740 p.
439 682 523 726 142
538 697 627 738 sqq.
691 681 754 725 Cf.
786 680 1041 724 Antonibon
1071 696 1112 737 p.
1139 679 1209 737 20,
1241 680 1315 736 qui
1346 680 1540 724 codicem
1572 682 1773 724 excussit.

236 767 306 811 21.
356 767 447 810 cod.
496 765 741 809 Parmensis
791 764 855 823 (P
894 763 1186 823 Antoniboni)
1235 765 1338 807 anni
1383 763 1517 821 15473
1566 764 1620 807 cf.
1665 762 1877 821 Spengel²

30 899 33 902 Ι
116 854 157 896 p.
181 837 300 895 XIV,
330 838 583 882 Antonibon
613 853 653 894 p.
680 837 756 893 21,
788 836 863 893 qui
895 836 1226 892 discrepantiam
1258 836 1495 892 scripturae
1526 836 1757 892 apparatui
1796 850 1875 879 suo
1948 892 1951 900 .

116 910 292 955 addidit.

234 995 304 1039 22.
355 995 445 1039 cod.
495 993 688 1038 Venetus
743 993 987 1037 Marcianus
1042 993 1146 1035 anni
1197 991 1331 1047 1478,
1385 990 1550 1035 lacunis
1600 991 1876 1034 deformatus.

116 1065 179 1110 Cf.
213 1065 425 1124 Spengel'
454 1081 495 1122 p.
520 1064 637 1121 XIV,
667 1064 922 1108 Antonibon
952 1079 992 1120 p.
1019 1064 1088 1107 22.

236 1150 306 1193 23.
338 1149 544 1192 Eiusdem
570 1151 697 1192 notae
723 1151 789 1191 est
814 1148 950 1192 codex
974 1147 1291 1191 Escurialensis
1316 1145 1380 1189 ΠΙ
1398 1162 1429 1204 g
1453 1146 1524 1203 20,
1556 1161 1683 1202 quem
1711 1145 1877 1190 Haenel

119 1224 429 1266 commemorat
459 1237 500 1278 p.
527 1221 633 1277 9553
676 1221 798 1264 cuius
836 1220 916 1263 sub
954 1220 1086 1263 finem
1122 1218 1301 1276 legitur:
1345 1218 1619 1262 Sebastianus
1649 1218 1700 1261 de
1730 1217 1877 1272 Papia

115 1294 284 1348 scripsit
305 1293 549 1337 Florentiae
571 1292 892 1337 MGCCGXH.
943 1291 1026 1343 Qui
1058 1291 1168 1335 liber
1199 1290 1303 1347 quia
1328 1290 1383 1333 ob
1410 1290 1714 1345 antiquitatem
1739 1289 1876 1332 videri

115 1367 289 1421 poterat
327 1364 509 1408 alicuius
552 1365 682 1420 pretii
719 1379 811 1407 esse
848 1363 1001 1406 saltem
1040 1363 1086 1406 in
1123 1377 1172 1405 ea
1203 1364 1325 1418 parte
1358 1376 1467 1418 quae
1498 1361 1716 1404 intercidit
1747 1361 1792 1404 in
1822 1361 1876 1416 F,

116 1436 327 1481 benevole
370 1436 659 1480 intercedente
702 1436 797 1479 viro
847 1435 1207 1478 excellentissimo
1252 1433 1410 1477 comite
1454 1433 1505 1476 de
1549 1431 1876 1476 Tattenbach

120 1508 295 1565 publico
346 1508 517 1564 imperii
563 1507 804 1551 Germanici
848 1507 1004 1550 nuntio
1048 1507 1094 1549 in
1138 1520 1272 1564 regno
1316 1504 1555 1561 Hispaniae
1599 1505 1874 1547 collationem

117 1583 161 1624 et
192 1580 322 1624 huius
353 1581 490 1636 partis
519 1582 563 1623 et
587 1579 782 1623 locorum
806 1580 1117 1622 nonnullorum
1142 1577 1360 1633 ceteroqui
1387 1577 1441 1619 ad
1466 1577 1625 1619 iustam
1651 1590 1875 1619 censuram

118 1655 319 1710 aptorum
353 1666 405 1695 ex
435 1652 697 1695 monasterio
730 1650 878 1694 Sancti
908 1650 1132 1693 Laurentii
1162 1649 1455 1693 Escurialensi
1489 1649 1681 1692 nancisci
1713 1647 1877 1691 studui-

116 1739 224 1767 mus.
275 1723 400 1775 Quod
428 1737 519 1766 non
549 1723 715 1766 minore
745 1722 1013 1766 humanitate
1045 1736 1175 1778 quam
1205 1720 1467 1764 liberalitate
1497 1720 1718 1776 praestitit
1747 1719 1875 1762 nobis

116 1795 373 1839 reverendus
404 1795 534 1838 Pater
563 1794 818 1838 Franciscus
849 1794 1047 1837 Marcos
1080 1793 1162 1836 del
1191 1792 1306 1846 Rso,
1349 1793 1424 1848 qui
1466 1782 1795 1849 diligentissime
1826 1805 1876 1834 ac

115 1867 413 1911 sollertissime
446 1866 752 1923 discrepantias
783 1867 986 1909 enotavit.
1034 1865 1104 1908 Ex
1136 1865 1294 1921 quibus
1327 1866 1530 1922 apparuit
1554 1865 1601 1907 in
1626 1864 1873 1906 universum

117 1938 310 1983 codicem
355 1953 452 1982 cum
497 1939 632 1981 classe
663 1936 992 1994 Guelferbytani
1022 1936 1119 1995 (M)
1143 1935 1419 1992 ’consentin-2,
1462 1936 1508 1978 in
1546 1936 1729 1993 singulis
1770 1936 1875 1978 satis

117 2010 396 2068 neglegenter
426 2012 470 2053 et
500 2011 654 2053 vitiose
686 2009 979 2066 conscriptum
1011 2023 1104 2052 esse
1128 2023 1209 2052 nec
1234 2023 1332 2052 cum
1358 2010 1448 2051 ullo
1474 2007 1586 2051 libro
1612 2007 1751 2064 magis
1777 2020 1874 2049 con·
1932 2003 1936 2007 ’

118 2095 270 2140 gruere
319 2095 448 2137 quam
500 2095 596 2124 cum
627 2079 881 2133 *Mutinensi
917 2079 1054 2138 (m).²)
1134 2079 1286 2136 Itaque
1335 2079 1446 2122 nihil
1495 2082 1560 2122 est
1610 2079 1727 2135 quod
1775 2077 1875 2120 inde

116 2152 412 2196 adsciscamus.

236 2235 448 2280 Secuntur
477 2236 577 2279 libri
609 2237 801 2279 nondum
833 2236 1084 2293 diligentius
1116 2235 1284 2279 excussi
1315 2250 1366 2279 ac
1396 2235 1471 2278 vix
1502 2234 1765 2278 excutiendi:

238 2308 306 2351 24.
338 2308 407 2351 25.
455 2308 622 2352 codices
657 2308 979 2351 Escurialenses
1017 2309 1126 2350 alter
1165 2310 1209 2351 et
1245 2308 1399 2351 tertius
1439 2307 1570 2363 [quos
1601 2307 1705 2349 item
1736 2308 1784 2348 ut
1817 2305 1874 2348 23

118 2378 329 2438 Spengel²
366 2395 405 2436 p.
437 2374 542 2423 XIV
574 2395 626 2423 ex
663 2395 799 2436 eoque
830 2379 1084 2423 Antonibon
1121 2395 1161 2436 p.
1197 2379 1251 2422 12
1288 2378 1400 2422 falso
1439 2378 1545 2422 dicit
1579 2376 1874 2433 Matritenses]

119 2452 443 2496 commemorati
480 2452 534 2495 ab
566 2451 776 2495 Haenelio
808 2468 849 2509 p.
882 2451 982 2495 955.
1043 2451 1109 2495 De
1139 2452 1275 2494 altero
1308 2450 1357 2508 (g
1387 2449 1452 2493 III
1483 2449 1560 2507 27)
1599 2450 1690 2507 egit
1721 2449 1874 2491 Loewe

118 2521 192 2580 (cf.
223 2522 393 2578 Hartel,
429 2523 533 2567 bibl.
564 2525 672 2579 patr.
710 2523 783 2566 lat.
816 2523 938 2579 Hisp.
971 2538 1010 2579 p.
1046 2521 1170 2581 180):
1214 2524 1403 2578 scriptus
1435 2538 1470 2564 a.
1503 2519 1876 2564 MCCCCLXXVI

118 2594 313 2637 continet
350 2594 659 2651 ‘Pomponium
703 2594 858 2639 Letum
895 2595 941 2638 in
978 2594 1071 2637 Ter.
1103 2594 1227 2638 Varr.
1259 2594 1287 2638 3
1324 2593 1460 2636 libros
1499 2594 1551 2636 de
1588 2592 1632 2636 11.
1665 2592 1874 2635 Varronis

118 2664 171 2709 de
200 2664 247 2708 L.
273 2665 320 2709 L.
351 2666 377 2708 1.
409 2665 473 2709 IV
504 2669 548 2710 et
578 2666 751 2709 initium
783 2666 952 2723 quinti.'
1008 2665 1074 2709 De
1105 2667 1234 2710 tertio
1267 2680 1292 2708 o
1324 2664 1388 2708 111
1407 2665 1465 2708 29
1497 2664 1664 2708 Haenel
1694 2665 1757 2707 nil
1788 2679 1872 2707 am·

117 2736 232 2793 plius
264 2738 378 2781 dicit.

215 2916 248 2960 1)
275 2913 328 2951 cf.
356 2918 414 2960 37,
434 2918 455 2950 6
492 2916 627 2963 satim]
663 2915 778 2951 batim
802 2914 886 2951 Esc.
911 2914 1012 2959 Mm3
1051 2918 1108 2960 37,
1130 2919 1174 2950 13
1214 2914 1304 2962 aut]
1341 2919 1462 2951 autem
1498 2913 1581 2949 Esc.
1609 2913 1709 2956 Mm3
1750 2916 1807 2958 46,
1830 2917 1872 2947 12

120 2973 315 3022 Mecinus]
339 2975 554 3012 maaaeimus
577 2974 660 3011 Esc.
685 2975 870 3011 maximus
895 2974 995 3019 Mm;
1023 2978 1079 3020 77,
1099 2978 1145 3010 24
1170 2975 1317 3021 itaque]
1343 2975 1489 3020 quidem
1513 2973 1595 3009 Esc.
1623 2973 1723 3016 Mm3
1750 2975 1808 3016 92,
1830 2976 1873 3008 16

119 3033 228 3080 opos]
253 3033 360 3070 deest
382 3033 422 3069 in
447 3033 529 3070 Esc.
555 3033 657 3071 Mmz
684 3033 820 3080 quibus
846 3034 967 3070 multa
991 3034 1082 3070 addi
1107 3036 1277 3080 possunt.

189 3098 287 3125 vnn-o
307 3099 344 3125 de
362 3099 438 3133 ling.
457 3100 510 3126 lat.
1566 3104 1586 3127 c
