2176 3386
300 98 387 141 298
982 95 1356 135 ADNOTATIONES

298 208 356 248 At
378 213 474 249 recte
498 211 646 249 monuit
664 209 855 248 Fwnaioli
877 209 950 248 illa
968 220 1116 257 quoque
1134 219 1232 256 quae
1256 209 1303 248 de
1327 207 1445 248 Accio
1469 209 1693 256 referuniwr
1718 210 1806 247 ante
1827 208 2042 247 Varronem

298 272 543 314 nominatum
567 286 646 313 non
671 275 720 313 ab
746 275 823 313 alio
849 276 1003 313 auctore
1021 275 1258 322 profluxisse
1283 284 1403 322 eaque
1425 274 1678 322 reposuimus.
2053 262 2057 265 ’

421 347 518 395 207,
540 346 606 384 15.
645 345 739 384 Non
762 345 1028 393 intelleyimus,
1053 356 1124 383 cwr
1147 346 1187 383 et
1213 357 1316 394 quae
1339 346 1501 384 nomina
1526 343 1576 382 ab
1600 344 1675 383 hoc
1699 346 1792 384 sunt
1825 338 1870 397 (i.
1896 355 1926 383 e.
1944 344 1994 383 ‘et
2017 356 2042 383 a

298 410 524 450 nominibus
558 422 661 460 quae
695 410 745 448 ab
778 410 854 449 hoc
887 405 999 463 sunt)
1023 410 1150 449 Marx
1173 411 1318 448 durwm
1342 421 1422 449 esse
1445 411 1560 455 dicat,
1583 411 1662 448 nisi
1686 409 1824 448 deinde
1858 410 1902 448 in
1933 410 2040 459 fraq-

297 479 468 514 mentwm
492 477 725 524 recipiatur:
748 476 790 514 in
817 487 889 523 quo
915 476 980 514 vix
1003 476 1120 523 finire
1138 477 1268 523 potuit
1287 477 1576 524 grammaticus.
1617 475 1716 513 Mox
1740 470 1845 526 a<a>
1868 475 2042 524 primum

297 541 429 592 longa,
442 554 445 557 ·
459 537 540 593 <a>
571 541 701 580 brevis
742 540 896 591 syllaba
927 541 1051 579 Marx
1090 551 1178 579 cum
1208 540 1436 586 RibbeckiO,
1469 541 1548 579 nisi
1587 539 1690 588 quod
1729 540 1795 578 ille
1827 542 2042 588 praeewnte

298 606 348 645 L.
362 607 566 652 Muellero,
591 607 818 645 assentiente
835 606 964 644 Keilio
990 606 1163 655 primum
1187 606 1231 644 in
1254 607 1511 653 suspicionem
1529 596 1700 650 vocabat,
1725 607 1923 653 tamquam
1939 606 2041 644 male

297 673 499 719 repetitum
525 683 570 710 ex
594 682 709 710 versu
726 671 1000 719 praecedente:
1024 673 1067 709 at
1081 671 1216 719 potius
1238 672 1321 719 ipse
1345 670 1527 709 Lucilius
1551 682 1596 710 ece
1613 672 1748 718 priore
1771 681 1887 709 versu
1911 681 1936 708 a
1958 669 2039 720 pri·

299 750 410 775 mum
433 737 584 785 repetiit
615 738 778 784 itemque
803 736 853 775 ab
879 735 998 785 (inter
1022 748 1047 774 a
1070 735 1095 774 b
1121 737 1306 775 omissum
1330 748 1356 775 a
1380 736 1553 781 librario,
1586 735 1654 774 sed
1676 736 1938 774 necessarium
1960 737 2041 774 tam

298 802 351 840 ad
384 804 548 841 metrum
581 813 700 850 quam
732 803 786 840 ad
818 803 1046 840 sententiam
1078 802 1285 849 leniterque
1316 800 1603 850 recuperatum)
1623 802 1836 848 tamquam
1869 800 2053 849 exempla=

297 865 447 906 litterae
463 868 679 915 productae
702 869 979 916 correptaeque.

419 939 516 988 207,
533 939 599 976 26.
629 937 693 1056 >Of
711 937 928 977 Goidanich
949 935 1053 976 ‘Ria
1064 938 1106 976 di
1123 934 1231 985 filol?
1248 937 1447 976 XXXIV
1462 936 1517 986 (a.
1541 937 1674 986 1906)
1686 949 1729 986 p.
1747 937 1805 976 48
1823 931 1863 990 (Ι
1880 937 2040 977 litterae

299 1003 333 1041 E
360 1015 455 1041 corr.
484 1003 628 1042 Vsener
650 1033 657 1041 .

418 1075 516 1124 208,
537 1075 574 1112 3.
606 1074 793 1112 Liberius
817 1076 1064 1113 correxerunt
1080 1073 1259 1112 addendo
1279 1074 1489 1113 traiciendo
1506 1074 1748 1112 immutando
1775 1074 1919 1114 Vsener
1930 1074 2038 1113 Mus.

297 1139 420 1178 Rhen.
448 1139 601 1178 XXIV
617 1151 660 1188 p.
690 1141 798 1184 104„
815 1140 901 1178 106
936 1141 1049 1188 atque
1073 1139 1164 1177 Keil
1171 1152 1186 1186 ‚·
1223 1138 1323 1177 nihil
1357 1139 1523 1187 profecit
1563 1138 1779 1178 Goidoenich
1818 1140 1918 1178 inter
1957 1139 2038 1178 ali-a

297 1204 442 1243 litteris
460 1216 538 1253 pro
564 1205 736 1243 aetheris
761 1216 971 1253 reponens;
988 1205 1113 1252 paulo
1137 1215 1234 1243 sane
1258 1205 1397 1243 diu-ius
1420 1215 1564 1243 novum
1590 1204 1803 1252 exemplum
1828 1205 1881 1243 ad
1897 1206 2038 1252 priora

296 1270 450 1309 facileis
492 1269 655 1309 docileis
695 1269 917 1318 adplicatur
950 1269 1156 1317 additoque
1194 1269 1365 1307 aetheris
1402 1268 1488 1318 (ubi
1528 1269 1629 1308 aeris
1659 1269 1893 1308 Lachmann
1929 1270 2039 1308 dubi-

297 1334 441 1384 tanter)
468 1336 545 1374 dat.
572 1336 646 1374 abl.
666 1336 840 1384 pluralis
871 1335 921 1374 ab
955 1347 1053 1373 aura
1078 1334 1352 1383 distinquitum
1374 1346 1496 1383 neque
1528 1337 1656 1373 tamen
1688 1335 1782 1373 haec
1812 1335 2039 1383 corriyenda

298 1401 490 1447 videntur,
525 1402 592 1440 sed
626 1401 883 1440 condonanda
917 1402 1136 1449 excerptori.
1179 1400 1289 1449 Quod
1321 1411 1410 1438 vero
1443 1400 1672 1448 adiungitur
1697 1401 1743 1439 de
1772 1401 1967 1449 sinyulari
1996 1402 2039 1439 in

297 1467 481 1515 fraudem
506 1467 698 1516 producto
732 1468 817 1505 sine
848 1465 1001 1505 vinculo
1034 1466 1300 1505 accedentibus
1323 1465 1450 1504 verbis
1474 1466 1521 1504 ut
1544 1465 1628 1504 vidi
1653 1464 1850 1510 scribitur,
1877 1468 2039 1514 propter

294 1533 427 1580 ipsum
451 1543 636 1571 conexum
667 1531 781 1570 aliter
804 1531 1018 1580 intelleqere
1042 1542 1120 1570 non
1137 1541 1360 1580 possumuS,
1384 1531 1463 1569 nisi
1487 1530 1534 1569 de
1558 1530 1594 1568 ei
1613 1542 1689 1579 pro
1713 1531 1729 1568 i
1751 1531 1947 1569 interdum
1963 1542 2040 1579 per

296 1608 465 1635 errorem
500 1599 640 1646 scripto
685 1597 815 1646 (cuius
850 1598 908 1635 rei
943 1599 989 1634 ut
1021 1597 1133 1635 nobis
1174 1596 1443 1644 inscriptiones
1480 1596 1697 1643 codicesque
1731 1607 1830 1634 rara
1867 1596 2039 1643 exempla

287 1663 494 1711 praebent,
529 1663 585 1701 sic
623 1663 749 1702 Varro
788 1665 877 1701 ante
913 1663 1040 1701 oculos
1075 1662 1226 1700 videtur
1262 1661 1462 1700 habuisse:
1502 1672 1547 1699 ex
1582 1661 1722 1710 quibus
1761 1661 1835 1699 huc
1871 1661 2040 1708 quadrat

295 1727 393 1766 tibei
418 1746 463 1757 =
489 1727 566 1766 tibi
589 1729 700 1766 iuxta
725 1727 876 1773 uobeis,
901 1728 1006 1766 sim:
1036 1728 1103 1766 sed
1127 1729 1173 1764 ut
1200 1726 1301 1766 ibeis
1325 1726 1511 1765 habemus
1535 1743 1581 1755 =
1605 1725 1700 1770 ibis,
1725 1727 1782 1764 sic
1806 1727 1898 1765 olim
1923 1727 2039 1765 etiam

295 1795 426 1832 aureis
452 1811 496 1823 =
523 1795 629 1832 auris
647 1805 857 1842 perperam
882 1793 1050 1831 exhiberi
1066 1791 1232 1841 potuit).·
1256 1792 1359 1830 unde
1384 1791 1418 1830 si
1443 1792 1481 1829 ei
1496 1793 1588 1840 post
1610 1793 1742 1841 potest
1766 1793 2038 1840 supplevimus.

295 1859 474 1906 Denique
497 1859 599 1907 quod
624 1858 677 1897 ad
699 1859 816 1896 verba
843 1858 876 1897 si
903 1859 1037 1896 autem
1063 1870 1091 1896 e.
1111 1869 1144 1905 q.
1165 1869 1194 1896 s.
1222 1857 1410 1905 apodosin
1433 1856 1704 1895 desiderarunt
1728 1858 1861 1902 critici,
1885 1869 1927 1895 re
1946 1868 2038 1896 vera

295 1925 414 1962 verba
440 1924 571 1974 apices
598 1934 626 1962 e.
647 1936 680 1972 q.
700 1935 729 1962 s.
757 1936 876 1973 super
893 1922 914 1960 Ι
938 1925 1073 1961 'namen
1099 1925 1162 1961 etc.
1189 1923 1385 1971 aptissime
1410 1922 1669 1970 adplicantur,
1693 1922 1805 1961 modo
1823 1922 1840 1960 1
1859 1924 1948 1960 ante
1972 1921 2037 1960 lit-

294 1990 381 2027 tera
406 1989 603 2028 secludas:
628 1988 730 2037 quod
753 1990 842 2038 ipsa
861 1990 1049 2028 sententia
1074 1989 1127 2027 ad
1145 1999 1275 2026 omnes
1292 1988 1442 2027 vocales
1458 1989 1660 2035 pertinens
1685 1988 1801 2036 eoeiyit
1822 1998 1943 2035 neque
1966 1987 2038 2026 illa.

294 2058 384 2093 ante
408 2055 493 2105 pila
517 2055 686 2104 offendit,
713 2066 800 2093 cum
825 2055 877 2093 ad
895 2054 1045 2093 Lucilii
1069 2054 1240 2102 eaeempla
1265 2055 1381 2092 antea
1405 2055 1700 2092 commemorata
1715 2053 1911 2102 pertineat
1935 2047 2037 2105 (pila

294 2121 338 2157 in
357 2132 438 2169 qua
456 2120 640 2159 lusimus:
665 2119 750 2170 pila
769 2131 871 2169 quae
895 2114 1101 2172 iacimus),
1127 2119 1195 2157 sed
1215 2121 1255 2158 et
1273 2120 1514 2167 interposuit,
1533 2119 1600 2166 qui
1617 2118 1719 2157 male
1735 2117 1808 2156 illa
1819 2129 1896 2167 pro
1915 2117 2037 2162 brevi,

297 2186 380 2236 pila
398 2196 476 2234 pro
500 2186 621 2236 longo
648 2186 817 2224 eiusdem
841 2186 989 2224 litterae
1014 2185 1182 2233 exemplo
1206 2185 1350 2223 habuit.
1401 2184 1545 2224 Vsener
1561 2185 1652 2232 post
1674 2183 1858 2222 lacunam
1880 2184 1927 2222 ut
1950 2183 2038 2232 lea

294 2253 336 2289 et
354 2252 438 2301 pila.
457 2253 623 2295 coniecit,
643 2251 745 2300 quod
762 2251 960 2299 sequentia
979 2251 1149 2298 occupat,
1166 2250 1292 2298 plura
1311 2250 1440 2288 eodem
1456 2250 1548 2288 vitio
1568 2249 1781 2298 corrigebat
1800 2245 1920 2287 ‘olim'
1934 2249 2035 2287 Keil.

415 2322 513 2371 208,
536 2322 600 2360 13.
642 2334 691 2359 ne
719 2320 751 2360 Ο
777 2323 820 2359 in
854 2334 898 2360 os
932 2317 975 2360 68
1010 2333 1135 2371 aeque
1168 2321 1320 2360 Vsener.
1361 2333 1410 2359 ne
1434 2332 1513 2358 uno
1539 2331 1635 2359 sono
1662 2318 1822 2358 eaedem
1845 2319 1946 2357 Keil.
1987 2332 2036 2358 ne

295 2385 409 2437 μέλος
442 2384 562 2438 ἀηδές
586 2387 797 2426 Buecheler
831 2386 972 2435 (acute,
1004 2386 1072 2425 sed
1105 2387 1171 2425 vix
1204 2385 1329 2434 recte).
1370 2398 1419 2423 ne
1452 2387 1495 2423 in
1520 2381 1591 2436 <os
1617 2380 1737 2435 edes>
1762 2384 1833 2423 hos
1868 2379 1911 2423 όε
1946 2380 2036 2423 <ides

298 2452 527 2491 Goidanich.
558 2453 620 2490 De
644 2465 693 2490 ne
718 2452 760 2490 in
788 2449 874 2491 ‘hos
898 2447 1060 2503 <edes>’
1087 2447 1185 2503 [scil.
1213 2447 1417 2502 ‘pugnos':
1442 2451 1490 2498 cf.
1516 2450 1646 2488 Plaut.
1665 2448 1807 2498 Amph.
1823 2448 1926 2500 309]
1950 2447 2036 2489 ‘hos

293 2514 398 2557 ἑᾶς-ιε’
424 2519 564 2566 coyitat
585 2517 741 2556 Schoell.

415 2589 513 2638 208,
535 2590 600 2627 19.
645 2588 704 2636 Of.
730 2589 962 2627 Ritschelius
989 2587 1125 2636 Opusc.
1151 2587 1234 2625 III
1246 2599 1289 2636 p.
1317 2588 1428 2632 376,
1463 2587 1530 2635 qui
1562 2587 1674 2626 libris
1707 2587 1755 2625 de
1787 2587 1934 2635 oriyine
1959 2587 1984 2625 l.
2010 2586 2034 2624 l.

294 2655 556 2702 fraqmentum
589 2655 796 2698 tribuebat,
823 2654 925 2702 quod
957 2654 1069 2692 libris
1093 2653 1139 2691 de
1171 2663 1345 2691 sermone
1370 2653 1392 2690 l.
1418 2652 1631 2691 vindicavit
1657 2652 1878 2691 Wilmarms
1903 2662 2034 2691 asserr-

293 2721 407 2758 tiente
430 2720 653 2759 FunaioliO.

415 2791 589 2841 210,14
603 2802 657 2839 sq.
702 2794 744 2829 at
781 2785 1089 2840 altitudine<m>
1121 2788 1176 2827 eol.
1217 2788 1328 2827 Vind.
1369 2788 1623 2827 altitudinem
1653 2800 1740 2827 cum
1774 2788 2033 2827 Wilmannsio

293 2856 496 2904 Keilioque
513 2856 714 2900 Funaioli,
733 2855 801 2894 sed
820 2856 867 2903 cf.
883 2855 1030 2893 Schoell
1047 2853 1132 2893 Act.
1151 2865 1224 2892 soc.
1236 2853 1333 2902 phil.
1353 2854 1418 2893 VI
1423 2866 1466 2902 p.
1488 2855 1545 2892 73
1563 2853 1654 2892 acln.
1674 2854 1721 2891 de
1740 2852 1789 2891 ab
1809 2852 2034 2891 altitudine.

416 2922 513 2969 211,
535 2923 557 2959 9
574 2933 651 2970 sqq.
693 2920 751 2969 Of.
778 2921 832 2959 ad
858 2922 925 2965 44,
948 2922 1068 2968 19sq.

415 2987 513 3035 214,
534 2987 589 3025 20
602 2998 681 3034 sqq.
715 2985 774 3034 Of.
799 2985 946 3024 Schoell
970 2986 994 3023 l.
1019 2997 1051 3024 s.
1075 2997 1107 3023 s.
1125 2996 1168 3032 p.
1195 2985 1264 3022 80.
