2176 3386
839 169 1220 207 ADNOTATIONES
1792 164 1796 165 ⁷
1820 174 1906 217 267

149 279 208 321 II
213 293 257 332 Ρ.
275 281 342 322 58.
374 282 467 322 Post
489 282 588 323 dicit
612 282 734 333 vulo„
758 286 850 324 onie
867 282 965 324 dicit
984 283 1117 333 Bequ
1136 283 1275 334 opusc.
1295 284 1351 323 II
1364 297 1406 334 Ρ.
1428 286 1528 332 735,
1552 289 1642 326 ante
1667 298 1760 326 nam
1786 299 1908 326 mann

149 345 243 387 Seal
279 347 464 388 lacunam
494 349 788 397 indicaveram,-
823 361 878 390 am
914 349 1007 389 latet
1043 349 1136 389 hinc
1168 351 1209 390 ot
1240 353 1441 391 consortes
1472 353 1516 390 in
1546 351 1644 391 dicit
1674 354 1876 393 consortes
1890 354 1910 392 9

271 413 342 465 80,
365 416 432 455 12.
474 414 534 464 Os.
561 415 783 456 Momm
809 412 1074 456 ‘Seaanrecht'
1101 415 1160 455 II
1181 410 1226 455 1⁸
1243 428 1286 466 Ρ.
1321 417 1408 456 688
1432 417 1525 456 adn.
1558 413 1684 471 (quod
1709 420 1758 457 ut
1782 431 1817 469 p.
1846 432 1910 464 m.,

150 478 222 520 ubi·
245 479 352 531 quod
377 493 416 531 p.
441 478 544 533 (ut)
569 481 784 521 mittantur
809 476 963 536 Groth).

271 545 342 595 81,
361 547 399 585 6.
431 549 700 587 murmurator
724 547 906 588 Hauthal
929 548 984 588 ad
1007 548 1114 587 Pers.
1134 560 1177 598 Ρ.
1202 549 1309 588 270.
1337 570 1393 576 -—
1422 549 1482 597 Gr.
1512 549 1661 589 Vahlen
1686 549 1825 599 Opuec.
1851 562 1908 590 ac.

150 609 208 650 II
220 622 263 661 Ρ.
289 610 392 658 253,
416 613 484 661 qui
508 614 660 652 tutatur
683 613 827 653 leviter
852 607 1017 668 (leniter
1042 615 1158 654 etiam
1182 613 1263 654 cod.
1288 627 1313 654 v
1338 614 1578 655 Antoniboni
1594 627 1638 665 Ρ.
1667 613 1755 670 82).

270 676 340 726 81,
361 678 398 717 9.
430 677 584 718 sonitus
610 678 718 728 (cum
742 692 780 725 a,
804 682 849 719 ut
865 679 963 729 vid.)
983 679 1046 719 del
1067 679 1270 730 Woelfflin
1283 678 1401 720 Arch.
1424 681 1540 720 VIII
1553 693 1597 731 Ρ.
1620 683 1728 722 432.·
1751 685 1793 721 at
1815 683 1911 722 haec

148 741 238 792 ipsa
261 753 336 782 vox
360 744 587 784 testimoniis
609 745 796 793 firmatur
819 739 1000 800 (crepare
1025 757 1165 785 sonare
1192 748 1227 786 et
1248 740 1355 799 eim.)
1381 747 1544 795 ipsaque
1562 747 1682 787 verba
1706 750 1787 787 tam
1806 750 1910 787 vocis

147 807 346 848 hnmanae
380 810 614 850 animalisve
645 821 765 862 quam
801 812 952 851 sonitus
985 823 1118 852 rerum
1151 812 1400 862 descriptioni
1433 814 1618 852 serviunt.
1654 834 1712 840 ——
1750 814 1911 863 Corriye

152 872 347 914 GXXXI
350 875 385 914 V
399 875 449 914 R.

272 947 341 997 81,
364 947 429 987 18.
465 947 526 998 Ol.
551 948 803 998 Krumbieyel
819 961 862 999 Ρ.
888 950 948 989 23
973 950 1066 990 adn.

270 1012 340 1061 82,
364 1015 401 1052 1.
436 1012 497 1064 Gf.
521 1014 672 1054 Koehm
699 1011 851 1055 ‘Altlat
876 1012 1003 1055 stud?
1031 1015 1188 1064 (1905)
1207 1028 1250 1065 Ρ.
1276 1017 1346 1055 38.

270 1078 340 1128 82,
362 1080 478 1129 lsqq.
518 1079 579 1128 Of.
609 1080 756 1130 Varqes
780 1081 889 1120 Mus.
915 1081 1037 1121 Rhen.
1057 1081 1142 1120 ΙΙΙ
1159 1094 1202 1131 Ρ.
1226 1081 1284 1121 56
1315 1081 1499 1131 (quocwm
1528 1083 1625 1132 facit
1651 1083 1751 1123 Mue
1777 1084 1909 1132 praef.

148 1143 260 1183 Festi
279 1156 323 1194 Ρ.
345 1144 496 1185 XLIV
518 1147 683 1196 itemque
711 1146 857 1196 Oanal)
884 1150 920 1187 et
936 1147 1194 1187 Reitzenstein
1211 1159 1255 1196 Ρ.
1277 1148 1346 1193 39,
1369 1150 1392 1186 1
1420 1147 1486 1197 (de
1511 1149 1623 1187 cuiue
1647 1148 1775 1188 verbis
1798 1149 1910 1189 dubi-

149 1210 299 1259 tamus)
326 1212 361 1249 et
393 1211 542 1250 Vahlen
558 1213 693 1261 praef.
713 1207 842 1252 Enn.⁵¹
858 1225 901 1262 Ρ.
923 1212 1155 1252 XXXVII.
1196 1213 1322 1253 Verba
1348 1226 1439 1253 cum
1466 1244 1474 1252 .
1502 1244 1510 1253 .
1538 1244 1546 1252 .
1572 1214 1782 1254 voluntate
1807 1214 1909 1255 dieta

148 1278 243 1316 mit
265 1278 310 1315 ut
332 1287 423 1322 mox
455 1289 546 1316 cum
572 1276 632 1316 ait
669 1278 799 1318 satius
826 1290 909 1318 esse
937 1289 1015 1328 pro
1042 1278 1274 1319 Terentiano
1299 1279 1374 1319 hoc
1408 1280 1626 1330 patriumst
1658 1281 1794 1331 potius
1819 1293 1910 1320 con-

148 1341 354 1381 suefacere
378 1341 517 1383 filium.

272 1414 342 1463 82,
363 1415 387 1453 6
402 1426 459 1465 sq.
494 1414 627 1454 Locus
650 1416 943 1465 interpolatione
967 1416 1147 1456 turbatus
1171 1416 1325 1456 videtur
1345 1417 1574 1466 glossemate
1607 1418 1781 1468 spondet
1805 1419 1912 1457 enim

150 1479 223 1530 qui
246 1478 346 1519 dicit
370 1492 395 1520 a
420 1493 494 1520 sua
518 1482 660 1532 sponte
685 1481 860 1532 spondeo
885 1483 1093 1532 adscripto,
1116 1485 1162 1522 ut
1186 1485 1286 1522 recte
1309 1484 1533 1532 suspicatur
1553 1484 1777 1523 VVilmanne
1794 1497 1837 1533 Ρ.
1853 1485 1912 1524 42

150 1547 383 1586 assentiente
407 1546 596 1586 Brunsio.

274 1612 344 1661 82,
366 1613 434 1651 13.
474 1611 535 1661 Of.
555 1613 777 1652 Mommsen
801 1614 911 1662 apud
930 1614 1154 1653 Brvmsimn
1177 1614 1234 1652 II
1247 1626 1291 1663 Ρ.
1316 1614 1371 1653 59
1397 1609 1540 1668 (quom
1557 1627 1635 1664 Ρνο
1660 1627 1741 1666 quo
1768 1611 1912 1669 [qui]).

271 1677 341 1727 82,
364 1678 430 1718 15.
465 1677 526 1728 Of.
546 1678 798 1729 Krumbieqel
815 1691 858 1728 Ρ.
882 1681 936 1718 91
958 1674 1057 1729 (non
1076 1681 1183 1718 enim
1202 1679 1375 1730 volebat,
1401 1680 1470 1720 sed
1490 1674 1569 1734 (vel
1587 1677 1641 1732 si)
1662 1680 1786 1720 dabat
1805 1681 1913 1732 quod

149 1755 298 1794 sponsu
324 1745 412 1783 erat
436 1739 668 1798 alligatus):
698 1747 742 1784 at
770 1745 870 1784 nihil
894 1745 1112 1785 desiderari
1142 1757 1359 1792 censemus,
1383 1757 1471 1785 cum
1495 1747 1550 1786 ad
1573 1747 1826 1787 cottidianum
1852 1747 1912 1787 di-

149 1809 262 1849 cendi
283 1820 408 1858 ,oenus
432 1809 591 1849 accedat
616 1810 755 1850 Varro.

271 1881 342 1931 82,
364 1881 431 1922 16.
463 1882 509 1920 ut
533 1882 596 1922 del
618 1881 723 1922 Laet
745 1884 975 1923 assentiente
998 1883 1149 1922 Koehm
1175 1884 1198 1922 l.
1223 1895 1254 1923 s.
1279 1895 1311 1923 s.
1330 1896 1374 1933 Ρ.
1395 1885 1464 1923 40.
1486 1885 1542 1923 44
1570 1883 1669 1933 (nisi
1693 1884 1758 1924 vel
1778 1886 1912 1933 potius

150 1943 371 1999 corriyas),·
394 1947 498 1987 idem
523 1948 572 1996 cf.
598 1947 646 1987 de
661 1949 858 1997 proximis
875 1961 918 1998 Ρ.
946 1949 1005 1988 45
1016 1961 1072 1998 sq.

271 2013 341 2062 82,
364 2013 417 2052 18
430 2023 486 2062 sq.
520 2012 581 2062 Of.
606 2014 796 2053 Heidrich
813 2026 857 2063 Ρ.
886 2014 952 2054 57.

271 2079 340 2128 83,
361 2079 399 2118 5.
437 2075 718 2130 <de>spondeo
743 2080 891 2119 Koehm
916 2081 939 2119 l.
965 2092 996 2119 3.
1021 2092 1051 2119 s.
1072 2093 1115 2130 Ρ.
1142 2082 1202 2120 47
1226 2081 1356 2121 delens
1386 2082 1506 2121 verba
1531 2083 1566 2121 si
1598 2081 1758 2122 iocandi
1791 2094 1911 2121 causa

151 2142 254 2182 dixit
279 2144 444 2192 neglecto
470 2143 721 2193 Diyestorum
745 2145 825 2184 loco
847 2147 1059 2186 notissimo.

273 2209 342 2258 83,
364 2210 401 2248 7.
433 2212 473 2249 te
492 2210 686 2260 spondere
698 2210 946 2257 Lachmann,
964 2212 1033 2251 ubi
1050 2214 1092 2251 te
1112 2211 1355 2263 despondere
1374 2213 1548 2262 defendit
1558 2213 1748 2253 Deiatzko
1761 2212 1910 2253 Annal.

144 2274 284 2326 philol.
310 2286 346 2314 a.
376 2276 493 2314 1876
510 2287 553 2324 Ρ.
580 2277 681 2322 238,
714 2277 819 2316 wnde
844 2277 929 2315 alia
961 2278 1006 2316 in
1030 2278 1194 2318 editione
1218 2278 1303 2317 III
1322 2279 1533 2328 temptabat
1556 2279 1725 2318 Ribbeck
1750 2282 1914 2328 propter

150 2350 318 2385 oersmn,
345 2352 458 2389 quem
483 2341 575 2381 bene
599 2343 761 2381 cretio-tw
785 2341 877 2381 olim
902 2344 1170 2392 respondentis
1194 2344 1376 2384 claudere
1399 2346 1547 2394 potuit,
1571 2345 1676 2384 velut
1701 2332 1876 2395 Optume
1904 2341 1908 2397 Ι

150 2401 327 2445 Memini.

272 2478 340 2527 83,
363 2479 401 2517 9.
435 2477 495 2528 Cf.
516 2478 665 2518 Ritschl
692 2478 831 2528 opusc.
851 2480 936 2519 III
948 2492 992 2529 Ρ.
1008 2480 1116 2526 190;
1141 2481 1393 2532 Krwmbieyel
1411 2495 1454 2532 Ρ.
1473 2484 1551 2530 62,·
1575 2482 1765 2522 Heidrich
1785 2495 1826 2531 Ρ.
1845 2483 1910 2522 57.

273 2543 343 2592 83,
365 2545 432 2582 11.
465 2543 577 2593 Quod
603 2544 752 2584 Vahlen
776 2539 903 2584 Enn.²
921 2547 1053 2595 praef.
1073 2559 1116 2596 Ρ.
1143 2547 1318 2587 XXXV
1339 2548 1531 2588 librorum
1554 2550 1792 2597 scripturam
1815 2560 1913 2587 sane

150 2609 297 2647 miram
314 2610 372 2648 sic
395 2610 690 2658 interpretatur:
714 2610 891 2650 Astraba.
911 2606 1118 2665 (Plautino
1137 2625 1185 2652 ea
1195 2608 1252 2667 ἓ),
1277 2614 1371 2653 haec
1389 2614 1544 2663 quidem
1564 2626 1610 2653 ex
1633 2614 1736 2663 falso
1759 2614 1913 2654 Grothii

151 2675 365 2714 testimonio
389 2676 582 2723 sayaciter
601 2677 813 2725 excoyitata
835 2679 950 2724 surm·
974 2680 1104 2717 tamen
1126 2679 1331 2719 haeremus
1350 2691 1438 2718 cum
1461 2682 1506 2719 in
1528 2679 1736 2719 insolentia
1758 2680 1912 2719 dicendi

144 2742 235 2778 tum
254 2741 296 2778 in
315 2751 369 2786 eo,
387 2740 491 2790 quod
508 2740 634 2780 Varro
652 2741 742 2781 VII
754 2743 810 2781 66
823 2743 985 2782 eandem
1002 2743 1183 2792 fabulam
1196 2744 1425 2784 Plautinam
1438 2746 1539 2784 inter
1549 2745 1758 2784 Plautinas
1771 2745 1910 2784 attulit.

273 2812 343 2860 83,
367 2813 432 2851 12.
462 2812 526 2851 De
542 2811 803 2863 Polybadisce
828 2815 959 2862 forma
976 2826 1172 2865 perquam
1191 2815 1314 2855 dubia
1338 2818 1387 2865 cf.
1407 2817 1458 2856 K.
1471 2817 1520 2856 F.
1533 2816 1718 2861 Schmidt,
1739 2818 1912 2856 Hermae

150 2877 223 2916 vol.
241 2877 467 2917 XXXVII
481 2877 639 2927 (1902)
650 2891 695 2927 Ρ.
709 2880 797 2918 389
809 2890 864 2927 sq.
889 2874 1072 2933 (sequere
1098 2880 1265 2920 adsecuo
1284 2878 1461 2933 <int>ro,
1480 2881 1689 2921 Libndisce
1708 2877 1910 2935 scribens).

274 2943 344 2992 83,
366 2944 432 2982 13.
473 2943 587 2983 Nihil
620 2947 779 2993 eyemnt
808 2944 938 2984 Ganal
971 2945 1268 2985 etAntonibon:
1301 2947 1369 2985 ubi
1403 2948 1451 2986 de
1487 2944 1600 2986 ‘novo
1633 2944 1771 2996 nupto‘
1798 2950 1912 2997 ataue

155 3004 334 3047 ‘Casino'
361 3010 428 3059 aqi
451 3010 605 3048 videtur
628 3009 813 3050 Schoellio
837 3014 1001 3060 propter
1023 3013 1234 3060 sequentia.

274 3080 344 3129 83,
367 3080 488 3129 16³4
523 3079 585 3130 Cf.
606 3081 818 3122 Buecheler
841 3083 950 3122 Mus.
970 3082 1093 3121 Rhen.
1113 3083 1210 3122 LII
1224 3094 1267 3132 Ρ.
1293 3084 1392 3123 398.
