2176 3386
854 173 1160 212 FRAGMENTA
1798 178 1888 221 213

343 297 431 327 non
462 282 692 340 adspirari:
725 283 863 327 lector
894 283 1009 328 enim
1042 284 1146 341 ipse,
1176 284 1332 342 inquit,
1362 285 1613 344 intellegere
1646 286 1774 331 debet
1805 286 1891 331 Ro-

343 354 459 411 dum,
481 357 626 398 tamen
646 354 729 399 etsi
748 353 791 398 H
810 369 900 399 non
925 355 1069 412 habet,
1087 355 1290 399 Rhodum
1316 371 1422 414 esse,
1446 360 1633 401 retorem
1659 358 1887 403 rhetorem.

128 423 292 486 (**)83
318 423 396 484 (59
422 424 581 484 [281]).
627 426 673 470 in
704 429 881 471 accentu
913 426 1095 471 materia
1123 429 1245 471 locus
1272 430 1315 472 et
1340 431 1497 472 natura
1522 429 1626 487 [est]
1659 430 1887 487 prosodiae

343 497 595 541 brevissime
635 498 930 555 conprobem
973 502 1085 542 sunt.
1148 514 1248 542 nam
1290 500 1472 544 materia
1511 515 1602 544 esse
1647 502 1890 545 ostenditur

341 583 439 625 vox,
459 572 503 613 et
522 583 572 613 ea
591 570 766 626 quidem
787 569 935 627 qua[e]
955 570 1089 614 verba
1113 574 1295 627 possunt
1321 586 1486 630 sonare,
1512 572 1556 616 id
1575 575 1641 616 est
1660 574 1889 631 scriptili83

340 640 462 685 locus
504 644 648 685 autem
689 642 868 699 syllaba,
910 643 1115 699 quoniam
1156 643 1333 700 proprie
1374 644 1480 687 haec
1518 643 1639 687 verbi
1680 660 1781 702 pars
1823 648 1889 689 est

341 727 451 770 quae
474 712 629 770 recipit
660 716 895 757 accentum.
945 717 1101 757 natura
1125 729 1227 758 vero
1259 715 1489 772 prosodiae
1520 715 1564 758 in
1591 731 1642 759 eo
1669 723 1744 774 est,
1771 717 1886 774 quod

340 787 417 828 aut
447 799 618 828 sursum
651 787 717 828 est
747 787 824 828 aut
849 785 1065 829 deorsum:
1096 801 1198 830 nam
1230 786 1275 829 in
1304 787 1418 831 vocis
1450 787 1679 831 altitudine
1709 789 1886 832 omnino

340 858 575 913 spectatur,
605 857 711 899 adeo
737 859 798 912 ut,
829 856 866 900 si
892 872 1040 901 omnes
1066 859 1256 914 syllabae
1281 858 1376 915 pari
1408 859 1587 917 fastigio
1614 860 1731 904 vocis
1757 875 1889 904 enun-

341 928 517 983 tientur,
546 928 749 984 prosodia
779 927 836 972 sit
866 931 998 972 nulla.

123 998 246 1042 ”84
278 997 356 1057 (60
388 998 547 1057 [282]).
610 1003 719 1056 quot
744 1034 752 1043 .
780 1034 789 1043 .
817 1035 825 1043 .
858 1000 946 1043 sint
977 1002 1206 1057 prosodiae
1238 1002 1464 1045 dicendum
1498 1006 1596 1047 est.
1626 1038 1634 1046 .
1662 1038 1669 1046 .
1695 1003 1888 1047 Atheno-

339 1071 468 1114 dorus
506 1071 611 1115 duas
643 1085 737 1115 esse
774 1072 998 1128 prosodias
1028 1074 1220 1130 putavit,
1251 1088 1381 1117 unam
1414 1074 1676 1132 inferiorem,
1707 1075 1886 1119 alteram

338 1144 620 1201 superiorem3
664 1144 818 1188 flexam
863 1147 1007 1188 autem
1039 1171 1098 1176 —
1130 1161 1229 1188 nam
1273 1145 1335 1189 ita
1377 1149 1527 1190 nostra
1569 1146 1721 1205 lingua
1764 1161 1886 1205 περι-

243 1264 264 1296 3
293 1260 374 1298 GL.
400 1261 468 1298 IV
488 1264 572 1306 525,
591 1265 641 1297 18
666 1261 720 1308 (in
747 1264 905 1298 accentu
932 1290 940 1298 .
961 1290 970 1299 .
991 1290 1000 1298 .
1026 1262 1144 1308 nulla)
1181 1265 1193 1310 ΙΙ
1233 1267 1274 1299 11
1305 1264 1387 1300 GL.
1413 1265 1481 1300 IV
1501 1267 1588 1308 529,
1611 1268 1632 1301 1
1657 1266 1767 1310 (quot
1791 1276 1882 1313 ergo

123 1308 228 1365 ⁸i¹¹.¹².·
250 1337 257 1345 .
279 1337 287 1344 .
308 1310 376 1365 est.
426 1319 523 1364 quae
548 1319 607 1346 res
632 1321 676 1346 eo
702 1309 843 1366 maiore
869 1322 954 1346 cum
979 1321 1070 1346 cura
1100 1311 1302 1366 tractanda
1328 1314 1407 1367 est,-
1434 1312 1536 1358 quod
1560 1313 1690 1348 nostra
1714 1312 1811 1348 ratio
1837 1313 1886 1349 ab

122 1367 302 1440 &¹3²²AEss
322 1367 405 1450 ¹331
424 1358 890 1462 ffffisszssifflgss?
900 1357 1357 1462 ,ἷῖἔῗῗθὲῗξῗῖιῖᾗὲἓι
1370 1359 1588 1455 ‘'Jaff‘ssffiz]
1615 1360 1884 1444 ‘ifflfflh‘ssfcffi

122 1451 281 1489 scientia
305 1453 344 1488 et
362 1452 537 1489 doctrina
562 1453 643 1489 eius
670 1453 866 1501 [scientiae
891 1455 930 1490 et
950 1454 1143 1490 doctrinae
1169 1466 1249 1490 eius
1276 1455 1381 1500 Wet'l,
1407 1455 1593 1491 adductus
1614 1484 1621 1492 .
1645 1485 1651 1491 .
1674 1484 1681 1492 .
1703 1467 1748 1492 ea
1768 1477 1812 1484 —
1833 1458 1887 1494 vel

121 1499 663 1584 ffin<m12ffiffiief⁰h3t⁶²²id
673 1502 762 1586 “²2⁶0
780 1501 1886 1588 ‘133³13³5..2⁹:³13&031:⁶f2123210353322013v³⁶³⁰3321222⁸

120 1596 187 1632 sed
211 1560 283 1632 hold
303 1596 408 1644 <de>
428 1561 887 1679 mediqekpreiiaod‘iaspf
892 1609 974 1635 corr
992 1598 1045 1634 ed.
1068 1562 1194 1646 Virr'id]
1221 1598 1325 1642 satis,
1352 1610 1426 1644 quo
1446 1600 1531 1644 quis
1552 1580 1746 1636 sciat‘e'sse
1766 1581 1883 1646 quae-⁹

118 1643 287 1680 rendam.
325 1645 491 1680 ceterum
510 1655 575 1690 qui
628 1655 699 1680 anc
723 1645 911 1692 ignorant,
931 1646 1022 1691 quia
1047 1645 1128 1682 sola
1151 1648 1337 1683 noverunt
1360 1657 1458 1693 quae
1481 1647 1551 1695 <in
1570 1648 1647 1684 add
1665 1649 1716 1684 ed.
1742 1648 1882 1697 VM.)

121 1690 319 1740 sc<h>0lis
345 1692 581 1737 studuerunt,
617 1704 691 1728 non
717 1694 806 1729 sunt
831 1693 1023 1739 culpandi.
1074 1694 1141 1730 sed
1165 1705 1234 1731 nec
1266 1705 1329 1730 ma
1360 1695 1477 1735 ‘stros
1494 1695 1562 1741 qui
1593 1697 1669 1731 tres
1695 1696 1793 1733 solos
1820 1696 1883 1732 de-

119 1740 333 1776 monstrant
357 1740 490 1775 erroris
517 1740 717 1787 arguerim,
744 1741 776 1776 si
795 1742 907 1778 modo
926 1741 999 1778 hoc
1019 1741 1180 1778 docendi
1200 1753 1313 1778 causa
1329 1707 1490 1788 {ieiuna
1517 1754 1602 1779 cum
1627 1743 1730 1790 ipsos
1749 1747 1885 1789 quarta

119 1797 195 1823 non
218 1786 350 1823 lateat.
400 1790 476 1823 tres
508 1788 705 1834 prosodias
736 1789 777 1824 in
801 1801 873 1825 usu
898 1801 979 1826 esse
1005 1790 1101 1825 scire
1126 1791 1276 1836 oportet
1300 1790 1357 1838 [et
1379 1793 1459 1828 secl.
1486 1791 1540 1827 ed.
1562 1792 1691 1835 Vimi„
1717 1793 1775 1829 lac
1799 1794 1883 1839 siqu

120 1835 221 1879 Keil,
253 1836 407 1872 nomina
439 1847 572 1882 graeca
606 1837 718 1883 suppl
741 1837 914 1894 Schoelz];
949 1837 1076 1874 media
1110 1839 1236 1877 autem
1263 1850 1360 1884 quae
1385 1839 1485 1875 inter
1510 1839 1605 1875 duas
1631 1840 1740 1885 quasi
1774 1839 1883 1876 limes

120 1883 188 1928 est,
215 1882 316 1928 quod
335 1883 516 1930 gravioris
537 1894 648 1929 quam
670 1884 849 1920 acutioris
870 1885 1030 1922 similior
1049 1888 1106 1921 est
1131 1886 1171 1921 in
1190 1886 1379 1922 inferioris
1399 1886 1527 1932 potius
1547 1899 1661 1932 quam
1681 1888 1883 1933 superioris

119 1941 316 1967 numerum
341 1931 542 1978 relegatur.
587 1932 626 1968 in
651 1933 723 1969 hoc
749 1933 849 1968 enim
874 1933 953 1970 fere
979 1933 1281 1970 doctissimorum
1307 1945 1509 1971 consensus
1535 1937 1594 1971 est
1619 1937 1769 1971 acutam
1794 1935 1881 1982 plus

120 1990 197 2014 una
221 1979 260 2014 in
285 1979 398 2015 verbo
424 1990 503 2015 esse
530 1991 603 2016 non
629 1991 750 2026 posse,
785 1992 918 2028 graves
945 1992 1026 2018 esse
1051 1981 1271 2028 complures.
1334 1983 1550 2029 prosodiam
1575 1983 1630 2018 ibi
1651 2012 1658 2019 .
1680 2011 1687 2019 .
1710 2012 1718 2019 .
1739 1983 1882 2029 signifi-

121 2027 183 2062 cat
210 2026 325 2074 (rx).
374 2026 520 2063 mediae
545 2038 632 2064 vero
658 2029 763 2064 cuius
788 2040 888 2064 nunc
913 2041 1002 2064 usus
1028 2041 1103 2065 non
1133 2029 1296 2066 habetur
1320 2033 1449 2066 notam
1475 2042 1550 2066 non
1575 2031 1767 2076 ponimus,
1793 2032 1883 2076 quia

120 2085 242 2119 neque
267 2086 291 2110 a
314 2074 520 2111 maioribus
546 2076 761 2122 accepimus
796 2088 917 2122 neque
953 2077 1092 2124 fingere
1126 2088 1335 2123 possumus.
1386 2078 1477 2114 ordo
1501 2107 1507 2113 .
1530 2107 1537 2114 .
1559 2106 1567 2114 .
1588 2079 1722 2114 evenit.
1773 2079 1882 2115 nobis

121 2133 168 2170 de
193 2135 351 2171 accentu
376 2134 505 2181 ssongi
524 2126 606 2170 rid'o
628 2136 697 2182 [vel
715 2135 808 2183 ritu]
828 2137 1070 2172 tractandum
1090 2138 1147 2173 est
1166 2128 1213 2173 {ie
1233 2137 1304 2184 [vel
1327 2137 1416 2185 llas]
1439 2138 1615 2183 altitudo,
1636 2149 1733 2183 quae
1752 2140 1879 2174 tamen

119 2180 266 2227 liquido
291 2182 468 2228 cognosci
505 2194 579 2218 non
614 2184 751 2228 potest,
786 2183 860 2219 nisi
893 2183 1144 2230 longitudinis
1176 2196 1324 2231 quoque
1359 2185 1457 2221 ratio
1492 2185 1692 2222 habeatur:
1727 2186 1766 2221 in
1801 2187 1880 2223 eius

120 2229 220 2265 enim
256 2229 386 2275 aliqua
419 2232 527 2275 parte
563 2241 644 2266 esse
680 2231 795 2267 debet
827 2231 867 2266 id
903 2232 1002 2276 quod
1039 2231 1266 2268 altissimum
1300 2235 1368 2268 est.
1419 2233 1582 2279 denique
1616 2244 1701 2269 cum
1727 2234 1881 2270 verbum

120 2277 338 2313 enuntietur
372 2277 500 2324 aliqua
535 2278 573 2314 in
600 2289 643 2314 eo
676 2278 825 2324 syllaba
855 2290 1006 2315 necesse
1032 2281 1090 2316 est
1115 2292 1300 2316 summum
1325 2280 1422 2316 illud
1446 2281 1548 2317 vocis
1572 2281 1783 2327 possideat:
1815 2282 1882 2317 sed

120 2335 217 2370 quae
251 2324 489 2371 potissimum
525 2326 575 2362 sit
610 2337 655 2362 ea
679 2327 880 2362 monstrari
906 2338 980 2363 non
1016 2328 1142 2374 potest
1166 2328 1241 2364 nisi
1275 2340 1343 2374 per
1366 2330 1578 2374 temporum
1604 2328 1880 2375 syllabarumve

119 2383 326 2417 numerum,
352 2373 418 2419 qui
442 2385 510 2419 pro
539 2374 594 2409 rie
619 2373 870 2421 longitudinis
896 2377 962 2411 est.
1008 2378 1250 2422 quapropter,
1279 2376 1351 2411 etsi
1377 2376 1543 2413 metricis
1568 2377 1718 2413 videtur
1742 2377 1880 2423 †sylla-

119 2419 253 2456 barum
277 2422 451 2457 naturam
477 2432 500 2458 a
556 2421 791 2468 rhythmicos
817 2422 915 2459 solos
947 2423 1136 2469 pertinere
1161 2426 1373 2470 temporum
1399 2424 1637 2461 dinumerare
1667 2425 1879 2469 intervalla,

120 2469 248 2504 tamen
267 2468 358 2513 quia
382 2468 518 2505 titulus
543 2470 729 2516 propositi
754 2472 954 2516 utramque
979 2470 1130 2518 flagitat
1154 2471 1420 2518 cognitionem,
1446 2483 1494 2508 ne
1513 2473 1606 2518 quid
1626 2473 1728 2518 quod
1753 2473 1802 2509 ad
1821 2473 1876 2509 di·

121 2515 277 2552 scendos
303 2518 480 2553 accentus
505 2517 671 2565 pertinet
696 2518 824 2554 deesse
844 2518 1028 2564 videatur,
1055 2520 1102 2556 de
1121 2519 1226 2556 verbi
1250 2519 1488 2567 longitudine
1514 2521 1715 2556 dicendum
1740 2523 1810 2566 est,
1835 2532 1880 2556 ea

120 2562 202 2599 sola
227 2563 467 2609 adtingentes
492 2575 590 2610 quae
616 2565 721 2612 operi
745 2566 957 2603 necessaria
983 2567 1220 2604 videbuntur.
1262 2567 1326 2604 lon
1357 2568 1462 2604 'tudo
1483 2596 1490 2604 .
1513 2596 1520 2603 .
1543 2597 1549 2603 .
1571 2569 1716 2604 finiunt.
1757 2580 1879 2614 neque

120 2611 218 2646 enim
244 2610 359 2647 refert
383 2613 533 2658 tempus
558 2612 599 2648 in
624 2613 771 2659 syllaba
797 2624 877 2650 esse
903 2625 951 2650 an
978 2614 1018 2650 in
1042 2616 1212 2661 tempore
1238 2615 1335 2661 sylla
1363 2627 1424 2651 am
1445 2616 1626 2662 dicamus,
1652 2617 1741 2652 dum
1766 2617 1878 2652 modo

121 2658 290 2694 discendi
325 2670 439 2695 causa
473 2671 689 2696 concessum
724 2663 782 2698 est
815 2672 899 2698 eam
934 2673 1075 2698 moram
1103 2674 1179 2708 qua
1212 2663 1336 2700 brevis
1361 2663 1510 2710 syllaba
1535 2664 1674 2700 dicitur
1698 2676 1815 2700 unum
1841 2667 1880 2700 et

118 2705 380 2742 brevissimum
399 2709 550 2754 tempus
569 2719 711 2745 vocare.
744 2720 820 2754 qua
839 2720 923 2746 vero
944 2709 1059 2756 longa
1077 2711 1278 2757 profertur,
1298 2712 1372 2747 duo
1391 2713 1564 2758 tempora
1583 2712 1774 2759 appellare
1794 2713 1879 2759 ipsa

119 2754 223 2801 cogit
252 2756 388 2790 natura
419 2766 503 2791 cum
535 2755 732 2802 loquimur.
783 2757 933 2794 brevem
965 2756 1209 2806 μονόχρονον,
1240 2759 1394 2806 longam
1420 2758 1597 2806 δίχρονον
1623 2760 1876 2806 appellamus:

118 2801 193 2885 213
187 2802 318 2886 1:uemnim
343 2802 459 2895 langa
477 2802 627 2849 syllaba
645 2804 762 2840 habet
778 2806 951 2851 tempora
968 2806 1169 2852 positionis
1188 2808 1228 2843 et
1245 2808 1415 2851 naturae,
1441 2807 1564 2843 brevis
1584 2810 1742 2844 naturae
1761 2808 1878 2843 habet

294 2861 355 2886 mo
384 2861 406 2886 o

239 2949 258 2981 1
282 2945 400 2982 lector
417 2947 472 2983 vel
496 2946 615 2982 lectus
641 2949 652 2993 11
677 2951 698 2982 2
725 2949 804 2984 taffi
829 2948 902 2985 etsi
922 2949 1089 2995 (tametsi
1104 2950 1205 2997 Keil)
1227 2951 1234 2996 Ι
1254 2950 1415 2986 rhodum
1434 2951 1489 2987 vel
1507 2951 1639 2987 rodum
1662 2952 1666 2995 1
1689 2950 1877 2986 rethorem

118 2994 173 3029 vel
196 2993 383 3029 rhetorem
416 2996 428 3040 ΙΙ
462 2998 483 3029 3
508 2996 579 3031 secl
603 2995 656 3031 ed.
679 2995 788 3032 Vina.
819 2997 831 3042 ΙΙ
864 3000 884 3032 5
910 2997 969 3034 del
999 2997 1052 3033 ed.
1082 2997 1189 3034 Vina.
1226 2999 1238 3044 [l
1272 3001 1293 3033 6
1320 2998 1498 3043 quoniam
1522 2997 1672 3044 proprie
1705 2997 1797 3034 haec
1821 2999 1877 3034 vel

118 3039 268 3086 probris
293 3041 400 3087 (haec
424 3042 578 3088 propria
597 3043 685 3079 Keil
709 3055 738 3080 c.
759 3045 822 3090 al.)
847 3045 859 3090 ΙΙ
885 3047 905 3080 9
932 3046 1126 3091 spectatur
1148 3045 1204 3082 vel
1228 3047 1376 3091 spectat
1397 3047 1403 3092 1
1431 3045 1585 3092 fastigio
1612 3046 1666 3082 vel
1690 3045 1876 3092 fastigia„

121 3091 162 3122 11
190 3089 283 3133 quot
307 3090 362 3125 vel
385 3089 487 3135 quod
519 3091 531 3136 n
564 3093 607 3125 12
632 3090 786 3136 putauit
809 3092 863 3128 vel
887 3093 1025 3137 putant
