2176 3386
317 110 402 153 246
998 109 1378 146 ADNOTATIONES

322 234 484 268 causae,
515 223 584 261 sed
609 225 821 271 quaternae
852 225 887 261 et
915 222 975 261 bis
1006 223 1129 261 binae.
1180 222 1438 273 productione
1465 224 1527 262 del
1552 225 1666 262 etiam
1699 225 1843 263 Vsener
1868 221 1964 264 Ein
1990 228 2072 264 aret.

322 288 508 336 Lehryeb.
534 289 602 327 der
626 284 850 336 Philoloyie'
873 284 1144 335 Sitzunysber.
1171 288 1240 327 der
1265 288 1373 338 bayr.
1391 285 1479 327 Ac?
1505 301 1542 328 a.
1572 290 1685 327 1893
1703 301 1747 338 p.
1771 290 1867 329 625.
1906 290 1949 329 V.
1968 291 2070 329 inter

316 354 401 392 alia
427 353 555 402 Quint.
577 353 606 390 I
624 355 661 401 6,
675 354 734 391 32
758 355 794 392 et
816 353 864 400 ef.
891 352 973 391 Leo
998 353 1134 392 Herm.
1156 353 1313 392 XXIV
1323 365 1367 401 p.
1387 355 1475 393 289
1500 355 1591 392 adn.
1614 354 1651 393 5.

434 425 473 473 5,
493 425 560 462 26.
600 423 857 463 eretifodinae
887 424 998 462 Turn
1030 419 1120 477 (an
1153 421 1476 464 cretofodinaeW
1506 425 1616 464 Thes.
1642 426 1665 463 I.
1692 420 1753 479 l.),
1789 426 2067 465 arenofodinae

321 488 413 528 Scal
438 484 595 542 (arenis.
614 484 744 543 Mue).

440 561 477 610 5,
493 562 560 600 30.
593 561 655 600 De
680 561 825 612 gradus
853 561 1012 599 delendo
1035 573 1085 599 ne
1109 561 1246 610 coqites
1265 573 1353 600 oum
1370 560 1454 609 Sp;,
1481 561 1583 609 quod
1607 562 1730 600 tribus
1751 563 1931 610 exemplis
1948 563 2066 602 inter·

307 627 456 674 positis
481 628 547 665 vix
571 628 693 665 omitti
711 628 851 675 potuit.
886 625 947 674 Of.
976 626 1013 671 5,
1032 627 1101 665 26.

437 699 475 746 6,
497 700 519 737 1
550 698 758 737 escandens
785 701 819 737 et
841 698 903 736 hic
928 700 962 737 et
989 698 1027 746 5,
1049 699 1102 736 27
1122 697 1260 746 Sciop;
1285 700 1419 737 contra
1445 696 1605 736 ascend·
1631 700 1792 746 utroque
1815 698 1895 736 loeo
1919 696 2068 747 A.Sp..·

320 765 363 801 at
381 764 430 810 cf.
446 764 484 815 6,
495 764 611 808 5—7‚
630 764 734 802 unde
752 765 938 801 memoria
958 765 991 802 et
1010 763 1224 811 explicatur
1240 766 1273 802 et
1291 765 1480 801 servatur.
1514 763 1682 812 antiqua
1695 763 1733 811 5,
1746 764 1799 801 27
1814 764 2068 802 sanissimum

316 830 388 866 est:
413 828 462 876 cf.
481 828 738 868 Reitzenstein
765 824 917 866 ‘Gesch.
943 829 979 866 d.
1008 840 1068 877 yr.
1087 825 1374 877 Etymoloyika'
1394 841 1438 876 p.
1456 828 1540 867 185
1570 831 1604 867 et
1629 824 1778 867 ‘Varro
1802 840 1841 867 u.
1866 828 2069 868 Johannes

325 891 565 941 Mauropus’
582 906 625 942 p.
654 895 721 939 84,
743 896 780 931 1.

437 966 474 1014 6,
495 966 533 1003 3.
572 965 699 1004 Varro
724 965 816 1003 dicit
840 976 880 1003 se
903 966 948 1003 in
974 965 1200 1013 etymoloyia
1227 964 1433 1003 tractanda
1457 953 1669 1003 secundum
1685 964 1857 1013 yradusm
1875 966 2066 1013 praeteri-

321 1032 464 1075 turum,
494 1031 648 1068 tertium
679 1030 955 1068 adsecuturum
986 1041 1076 1075 esse,
1107 1041 1195 1069 cum
1218 1041 1298 1068 non
1321 1030 1446 1068 solum
1471 1030 1524 1068 ad
1547 1027 1825 1077 Aristophanis
1856 1030 2067 1075 lucernam,

322 1095 390 1134 sed
415 1096 530 1134 etiam
556 1096 609 1134 ad
636 1095 833 1135 Cleanthis
867 1094 1146 1134 lucubraverit:
1177 1095 1213 1132 h.
1240 1106 1270 1133 e.
1294 1106 1372 1133 non
1402 1095 1514 1133 modo
1539 1096 1741 1143 antiquam
1770 1096 2068 1144 yrammaucam

316 1162 552 1208 pernoverit,
585 1161 653 1199 sed
678 1159 871 1199 etiamad
889 1160 1178 1208 philosophiam
1202 1159 1417 1200 Stoicorum
1442 1161 1661 1199 accesserit:
1694 1162 1877 1207 quartwm
1898 1161 2068 1208 ⁸aradum

324 1226 556 1275 adipiscitur
588 1226 655 1274 qui
687 1237 766 1264 non
798 1224 911 1264 modo
943 1226 1261 1274 yrammaticam,
1295 1226 1363 1264 sed
1397 1227 1512 1264 etiam
1537 1225 1826 1273 philosophiam
1851 1227 2068 1273 praeteriit,

310 1294 404 1340 post
425 1303 466 1330 se
495 1292 662 1340 reliquit,
685 1292 722 1330 h.
748 1303 778 1330 e.
805 1292 967 1340 penitus
999 1292 1117 1330 novit.
1157 1291 1211 1329 In
1235 1293 1373 1340 quarto
1398 1292 1520 1339 iyitur
1543 1292 1723 1329 versatur
1743 1290 1887 1340 modu,
1921 1291 1984 1329 cui
2014 1291 2068 1330 ad

317 1359 617 1405 yrammaticam
643 1357 912 1405 philosophiae
935 1357 1060 1395 virtus
1086 1358 1245 1405 penitus
1269 1357 1444 1395 accessit.-
1477 1357 1513 1394 is
1549 1356 1702 1394 demum
1726 1357 1841 1403 quasi
1874 1357 2068 1404 mysteriis

314 1422 533 1461 admittitur
571 1425 605 1460 et
635 1425 790 1471 spectat.
818 1443 873 1448 -—
901 1421 1011 1471 Quod
1043 1422 1300 1461 Reitzenstein
1327 1418 1478 1460 ‘Gescli
1510 1420 1547 1459 d.
1570 1433 1629 1470 φ’.
1655 1417 1800 1470 Etym?
1830 1422 1917 1459 186
1949 1420 2068 1460 initia

318 1499 398 1526 esse
430 1489 623 1527 existimat
656 1485 793 1539 ἀρχάς,
817 1487 853 1525 h.
880 1498 908 1525 e.
935 1487 1086 1526 radices
1109 1487 1409 1536 monosyllabas,
1435 1489 1468 1525 et
1493 1489 1581 1525 ante
1604 1486 1710 1538 regis
1736 1486 1889 1534 supplet
1913 1499 1998 1531 rex,
2023 1489 2068 1524 ut

308 1554 471 1602 propter
495 1565 539 1592 ea
565 1564 664 1601 quoe
687 1555 870 1591 secuntur
899 1553 998 1601 ferri
1023 1564 1140 1601 posse
1164 1564 1352 1602 negamus
1375 1553 1431 1591 ita
1449 1554 1611 1600 propter
1636 1551 1803 1600 adytum
1827 1552 1930 1599 quod
1945 1562 2066 1599 prae-

317 1618 433 1658 cedit.-
455 1619 560 1657 unde
583 1619 702 1657 initia
713 1619 847 1667 potius
865 1618 1056 1668 mysteria
1074 1619 1386 1666 interpretamuss,
1405 1620 1449 1656 ut
1462 1617 1764 1666 qrammaticwm
1778 1617 2066 1664 philosophum-

320 1695 393 1732 que
417 1685 580 1733 excipiat
602 1685 872 1732 mysteriorum
896 1685 1103 1731 spectator:
1127 1684 1189 1722 cui
1208 1683 1513 1731 interpretationi
1530 1693 1578 1720 ne
1595 1681 1788 1720 Skutschii
1806 1682 1959 1729 quidem
1977 1693 2064 1720 con-

313 1751 461 1788 iectura
485 1750 679 1798 satisfacit
702 1750 769 1798 qui
787 1748 960 1786 Hermae
984 1749 1056 1786 vol.
1077 1748 1263 1786 XXXII
1277 1759 1318 1796 p.
1340 1749 1395 1786 96
1413 1743 1732 1799 re<li>g<ion>is
1759 1741 1813 1799 (et
1835 1747 2065 1797 perveniam

313 1809 498 1868 scientis.)
517 1815 734 1863 proposuit,
758 1826 846 1852 cum
864 1813 964 1852 illud
981 1813 1187 1865 religionis
1207 1814 1410 1852 abundare
1433 1813 1632 1852 videatur:
1657 1812 1720 1850 cui
1745 1813 1983 1851 coniecturae
2006 1811 2065 1850 vel

314 1881 454 1919 cedunt
474 1881 642 1919 aliorum
667 1879 919 1927 temptamina
939 1872 1090 1932 (rerum
1108 1879 1168 1918 vel
1188 1877 1339 1917 Cereris
1362 1877 1510 1924 Oanal;
1535 1879 1583 1926 cf.
1604 1877 1706 1916 Boot
1723 1878 1914 1915 Mnemos.
1930 1877 2071 1916 XXII

307 1958 351 1994 p.
379 1947 477 1991 409,
500 1945 736 1984 Lachmann
766 1946 810 1983 in
842 1956 899 1992 ep.
924 1944 977 1983 ad
1001 1944 1236 1983 Lobeclsium
1259 1956 1302 1992 p.
1329 1943 1417 1982 250
1443 1944 1499 1982 ed.
1524 1943 1679 1988 Ludw„
1703 1941 1834 1991 A.Sp.
1867 1943 1911 1980 in
1940 1937 2064 1996 adn).

314 2011 500 2050 Fortasse
523 2011 727 2050 delendum
752 2011 808 2049 est
836 2011 943 2060 regis
969 2011 1156 2058 tanquam
1181 2021 1391 2058 perperam
1421 2009 1576 2047 illatum
1606 2019 1651 2047 ex
1676 2005 1704 2058 ᾗ·
1731 2009 1757 2046 9
1777 2008 1826 2046 ab
1851 2019 1892 2046 eo
1917 2007 1984 2056 qui
2009 2007 2063 2045 ad

313 2078 433 2115 initia
454 2077 671 2126 yenetivum
695 2077 915 2124 requireret.
948 2075 1078 2114 Voluit
1103 2076 1169 2123 qui
1193 2076 1349 2122 scripsit
1374 2070 1492 2125 ‘regis
1517 2069 1681 2112 Latini'.

433 2150 471 2196 6,
492 2148 529 2186 5.
561 2147 657 2186 fecit
681 2159 728 2186 ne
755 2158 841 2185 cum
865 2146 908 2185 F
930 2145 983 2194 (et
1009 2145 1187 2195 Grothio)
1212 2147 1441 2190 scribamus,
1470 2148 1504 2183 et
1527 2146 1778 2196 aegrotamus
1804 2143 2004 2183 dissuadet
2029 2146 2064 2182 et

314 2225 622 2262 nonnumquam.

434 2285 472 2332 6,
494 2285 530 2323 9.
562 2284 624 2322 De
648 2279 910 2335 <deli>quare
935 2284 1014 2332 fuit
1037 2284 1103 2332 qui·
1129 2284 1319 2332 coyitaret.

433 2350 471 2398 6,
494 2350 559 2388 16.
590 2348 740 2399 partim
765 2349 1036 2397 explicandum
1061 2360 1106 2387 ex
1126 2347 1250 2387 Gellio
1271 2348 1314 2386 X
1333 2348 1389 2386 13
1414 2347 1578 2395 aliisque
1602 2347 1714 2385 locis:
1738 2357 1812 2394 quo
1836 2346 2061 2393 refutantur

314 2416 500 2454 Muelleri
527 2414 691 2454 Canalis
715 2415 884 2453 aliorum
909 2415 1131 2452 commenta.
1162 2413 1324 2451 Litteris
1347 2423 1435 2450 vero
1459 2423 1539 2450 non
1562 2412 1757 2459 satisfacit
1780 2410 1876 2461 quid
1900 2411 2059 2449 invene-

316 2482 393 2519 rim
418 2482 488 2518 aut
513 2481 651 2530 opiner
675 2479 726 2519 A.
739 2479 805 2528 Sp.

437 2547 473 2596 6,
497 2547 564 2584 21.
603 2545 708 2584 diem
733 2547 774 2584 et
799 2547 956 2583 noctem
980 2546 1142 2593 propter
1166 2544 1257 2582 libri
1281 2544 1507 2582 memoriam
1524 2543 1731 2590 posuimus
1739 2555 1754 2588 ,·
1776 2554 1871 2581 nam
1897 2544 1932 2580 et
1954 2541 2060 2580 diem

313 2613 354 2649 et
377 2613 534 2650 noctem
559 2614 594 2650 et
616 2612 773 2649 noctem
798 2612 838 2648 et
863 2610 968 2648 diem
988 2609 1064 2648 diei
1081 2610 1256 2658 potuisse
1280 2620 1367 2647 eum
1384 2618 1459 2657 per
1482 2618 1523 2646 se
1539 2607 1744 2655 probabile
1769 2609 1850 2645 tum
1874 2618 1920 2645 ex
1938 2618 2057 2645 exem-

308 2677 391 2725 plis
426 2676 668 2724 intelleyitur,
705 2687 804 2723 quae
842 2675 964 2713 aliam
1001 2675 1047 2713 ob
1084 2686 1166 2713 rem
1194 2673 1234 2713 0.
1249 2674 1296 2712 F.
1316 2673 1376 2713 W.
1391 2673 1560 2712 Mueller
1593 2669 1758 2721 ‘Syntax
1789 2673 1856 2711 des
1879 2672 1995 2710 Nom.
2018 2684 2057 2710 u.

314 2738 471 2780 Aecus?
491 2754 533 2789 p.
561 2743 644 2779 104
656 2752 734 2790 sqq.
761 2740 981 2788 composuit.

435 2807 471 2856 6,
494 2807 561 2845 25.
592 2807 687 2845 item
707 2817 785 2854 pro
809 2805 899 2844 ideo
927 2803 1066 2850 Oanal,
1091 2803 1209 2842 initia
1233 2805 1316 2843 Wi:
1340 2805 1408 2843 ubi
1432 2803 1521 2842 ideo
1547 2803 1791 2842 abundanter
1815 2802 1959 2841 dictum
1983 2802 2056 2840 sol-

315 2872 464 2911 licitare
487 2883 566 2910 non
591 2872 791 2910 audemus.

435 2939 471 2985 7,
495 2940 530 2975 1.
571 2937 715 2975 horum
749 2936 830 2974 iam
864 2935 911 2973 de
944 2934 1048 2973 binis
1079 2935 1178 2973 Mue
1213 2932 1279 2987 (de
1313 2933 1415 2984 bigis
1449 2928 1606 2986 Canai).
1663 2933 1892 2971 enumeravi
1931 2931 2056 2980 deque

312 3003 410 3041 locis
432 3002 563 3041 Groth.
586 3023 641 3028 —-
666 3002 728 3040 his
749 3032 757 3040 .
778 3032 787 3040 .
809 3031 817 3039 .
839 3013 938 3050 quae
958 3011 1036 3038 non
1054 2999 1298 3038 sollicitanda
1325 3010 1403 3037 esse
1427 2998 1660 3045 confirmant
1683 3008 1729 3036 ea
1753 3008 1852 3045 quae
1870 2997 2056 3044 Plasbery
