2144 3340
784 113 1155 153 Pssomeonmu
1774 117 1875 154 XLV

115 224 334 271 illustrare
362 225 504 279 liceat,
536 225 611 282 qui
642 227 783 269 exstat
812 225 925 269 libro
957 225 998 270 V
1018 225 1094 270 85:
1124 225 1240 270 Salii
1269 226 1323 270 ab
1352 226 1565 271 salitando
1596 227 1709 282 quod
1736 227 1875 281 facere

115 297 165 342 in
202 297 382 343 comitiis
418 297 467 341 in
505 297 639 341 saoris
677 298 903 352 quotannis
932 300 970 341 el
998 297 1128 341 solent
1156 301 1194 341 et
1217 298 1376 342 debent:
1417 312 1470 341 ex
1501 298 1658 355 quibus
1690 299 1873 355 pendere

114 370 262 426 posset
292 366 472 413 Verrius
502 367 615 412 Fest.
648 383 689 425 p.
715 366 850 425 3261’,
880 369 955 412 32:
993 368 1135 414 Salios
1171 383 1200 413 a
1234 370 1423 414 saliendo
1453 373 1492 413 et
1519 370 1712 414 saltando
1744 371 1875 415 dictos

113 440 309 496 qumvis
331 440 520 485 dubitari
549 454 635 484 non
666 440 818 493 debeat,
852 439 928 483 sed
959 454 1070 496 quae
1100 440 1318 484 adduntur
1349 441 1464 497 apud
1493 440 1690 485 Festum:
1734 445 1871 486 tamen

115 509 316 556 Polemon
357 513 423 556 ait
451 512 626 556 Areada
667 512 877 567 quendam
917 512 1050 567 fuisse
1091 513 1259 556 nomine
1289 512 1457 557 Salium
1499 527 1618 568 quem
1649 514 1816 557 Aeneas
1844 528 1873 557 a

113 582 346 627 Mantinea
369 584 417 627 in
438 583 616 628 Italiam
641 584 866 638 deduxerit,
890 584 965 638 qui
989 585 1154 628 iuvenes
1178 584 1352 628 Italicos
1376 584 1585 629 ἐνόπλιον
1608 586 1872 629 saltationem

113 654 307 711 docuerit,
350 670 400 698 ea
443 655 650 699 Varronis
694 669 786 698 esse
826 670 966 712 neque
1007 670 1060 699 ex
1101 656 1185 699 hoc
1227 655 1324 700 loco
1367 656 1543 700 fluxisse
1587 660 1751 700 certum
1795 660 1871 700 est.

113 725 289 770 Etenim
319 725 511 771 Isidorus
541 726 686 783 Etym.
713 726 863 770 XVIII
882 727 942 771 50
973 726 1046 785 (ex
1077 727 1244 784 optimo
1275 728 1408 784 fonte,
1445 742 1533 771 non
1566 743 1619 772 ex
1648 728 1791 785 Festo,
1822 732 1872 772 ut

113 796 268 842 Grialii
293 800 508 842 sententia
531 802 610 855 est,
640 813 779 855 neque
811 813 864 842 ex
893 797 1042 843 Servio
1068 798 1176 842 Dan.
1202 800 1249 842 in
1274 799 1380 843 Aen.
1407 798 1514 843 VIII
1534 800 1635 856 285,
1665 801 1741 844 ubi
1768 801 1871 844 item

113 868 355 914 Varronem
386 870 556 923 excitat,
589 871 663 914 sed
693 870 878 914 fortasse
909 885 961 914 ex
993 870 1214 923 Suetonio,
1252 874 1303 915 ut
1332 871 1518 915 Kettner
1550 871 1686 916 ‘Stud.
1723 872 1872 928 Varr.'‚

112 940 238 985 Halis
271 941 405 998 1865,
446 957 488 999 p.
523 942 656 999 6sqq.
702 943 996 986 demonstrare
1040 943 1228 1001 studuit)
1271 943 1378 987 haec
1420 944 1612 988 exhibet:
1654 945 1872 988 saltatores

111 1017 250 1057 autem
279 1015 516 1058 nominatos
554 1015 688 1058 Varro
718 1016 823 1058 dicit
851 1015 904 1058 ab
931 1015 1101 1058 Arcade
1131 1015 1251 1059 Salio
1281 1030 1398 1070 quem
1425 1016 1591 1060 Aeneas
1621 1017 1669 1060 in
1695 1017 1871 1060 Italiam

110 1098 244 1130 &cum
276 1086 459 1129 adduoeit
487 1087 638 1142 quique
662 1087 803 1141 primo
828 1087 965 1130 docuit
991 1086 1204 1130 Romanos
1227 1088 1497 1132 adolescentes
1519 1088 1676 1132 nobiles
1698 1089 1871 1132 saltare:

113 1170 242 1213 quam
283 1157 585 1201 difficultatem
627 1158 844 1214 quomodo
885 1159 1040 1201 melius
1081 1158 1358 1215 expediamus
1390 1174 1520 1215 quam
1550 1162 1602 1202 ut
1633 1159 1871 1204 Varronem

114 1227 411 1285 Antiquitates
454 1229 500 1272 in
549 1244 671 1272 suam
715 1245 806 1273 rem
856 1230 1199 1287 excerpsisse,
1247 1230 1451 1274 Verrium
1478 1232 1748 1289 ‘diligentius
1792 1246 1873 1276 ex-

113 1299 389 1357 scripsisse
429 1300 622 1345 dicamus
664 1315 752 1345 non
792 1302 1001 1345 videmus.
1075 1301 1254 1345 Verrius
1286 1301 1496 1346 Varronis
1526 1318 1682 1347 nomen
1715 1304 1872 1360 omisit,

113 1373 265 1428 utpote
302 1373 378 1428 qui
407 1371 687 1416 Polemonem
720 1376 892 1416 secutus
923 1375 1054 1430 esset3
1098 1371 1293 1416 Isidorus
1325 1375 1364 1417 si
1395 1375 1776 1432 grammaticorum
1807 1391 1871 1418 ra-

110 1442 274 1487 tionem
300 1444 424 1499 sequi
448 1445 684 1500 maluisset,
709 1445 905 1488 dixisset:
939 1445 1074 1488 Varro
1098 1449 1136 1488 et
1155 1445 1355 1490 Polemon
1379 1447 1526 1490 dicunt
1549 1461 1583 1489 e.
1605 1462 1643 1502 q.
1665 1462 1696 1490 s.
1745 1446 1870 1491 Alios

110 1513 231 1558 locos
262 1515 426 1558 similes
458 1515 599 1559 adfert
629 1515 1051 1574 Kriegshammer
1080 1517 1108 1559 l.
1135 1532 1167 1560 s.
1194 1531 1226 1562 s,
1252 1533 1292 1574 p.
1319 1518 1396 1574 88,
1440 1533 1549 1574 quos
1586 1518 1689 1562 licet
1720 1519 1871 1562 simili-

112 1586 262 1631 tudine
294 1587 478 1642 quadam
511 1602 698 1631 conexos
730 1603 783 1631 ex
814 1588 1109 1646 grammaticis
1139 1589 1267 1632 libris
1297 1604 1386 1632 non
1416 1591 1562 1646 potuit
1592 1589 1777 1646 haurire,
1820 1594 1870 1634 ut

110 1672 164 1701 ex
193 1657 542 1715 Antiquitatibus
573 1659 768 1703 hausisse
799 1660 1006 1703 videatur.
1019 1660 1054 1718 ¹)
1128 1659 1254 1712 Quod
1290 1662 1635 1705 transferendum
1665 1665 1870 1718 putamus

109 1730 154 1773 in
186 1730 294 1774 alios
325 1730 445 1774 locos
475 1731 591 1774 haud
623 1746 782 1788 paucos
814 1734 858 1775 et
889 1731 1173 1775 similitudine
1205 1733 1390 1789 quadam
1415 1733 1619 1791 insignes,
1651 1735 1734 1777 etsi
1760 1749 1870 1790 quae

109 1801 279 1845 diversa
317 1805 420 1845 sunt
459 1803 721 1846 testimoniis
759 1805 887 1846 certis
919 1804 973 1846 ad
1004 1803 1244 1847 Varronem
1275 1819 1363 1848 non
1394 1819 1626 1861 possumus
1658 1820 1869 1850 revocare.

111 1871 243 1916 Cuius
275 1875 444 1931 generis
474 1874 555 1918 hos
586 1890 678 1918 esse
708 1876 828 1919 locos
860 1878 1063 1932 putamus
1092 1875 1231 1934 (Festi
1263 1877 1332 1920 vel
1356 1875 1480 1920 Pauli
1512 1877 1630 1920 locos
1663 1877 1738 1934 qui
1770 1893 1870 1922 con-

108 1944 222 1987 ferre
253 1947 408 2001 cupiet,
439 1961 493 1989 ex
522 1947 796 2003 testimoniis,
829 1962 939 2003 quae
964 1948 1103 1991 textui
1129 1948 1403 2004 subiecimus,
1433 1948 1590 2007 petat):
1622 1949 1868 1993 V28-33,

109 2015 299 2058 41-56
344 2017 546 2074 (exclusis
589 2017 834 2075 Argeorum
884 2019 1271 2078 inscriptionibus).
1317 2020 1518 2064 69—73.
1567 2022 1636 2064 81.
1684 2022 1752 2064 82.
1796 2022 1866 2065 86.

231 2193 266 2238 1)
290 2192 408 2230 Paulo
434 2194 546 2231 aliter
569 2206 629 2231 res
655 2207 736 2232 sese
760 2195 879 2233 habet
902 2196 943 2232 in
968 2196 1050 2233 loco
1076 2197 1240 2243 quodam
1266 2197 1362 2234 miro
1387 2198 1500 2234 modo
1525 2209 1610 2234 cum
1628 2198 1753 2235 Nonio
1779 2211 1867 2235 con-

107 2251 255 2298 iunct03
282 2253 384 2300 apud
405 2265 516 2300 quem
541 2267 577 2302 p.
594 2259 675 2299 471,
691 2260 712 2291 2
733 2255 828 2292 haee
848 2258 1014 2292 exstant:
1040 2258 1215 2294 sortirent
1228 2269 1301 2304 pro
1319 2259 1550 2295 sortirentur.
1591 2258 1711 2295 Varro
1728 2259 1869 2296 Rerum

107 2312 356 2350 humanarum
380 2314 474 2351 libro
494 2316 552 2351 X:
576 2327 658 2352 cum
677 2316 843 2352 venerint
865 2327 1028 2353 censores
1053 2318 1150 2353 inter
1174 2328 1211 2354 se
1235 2319 1407 2354 sortiunt.
1446 2317 1550 2361 Quae
1569 2318 1684 2354 verba
1701 2319 1762 2354 vix
1781 2330 1867 2365 pos-

109 2375 197 2408 sunt
221 2372 390 2420 disiungi
416 2374 463 2410 ab
489 2374 548 2410 his
575 2386 672 2421 quae
697 2375 737 2411 in
762 2374 860 2412 libro
886 2378 992 2412 sexto
1017 2377 1065 2413 de
1090 2376 1114 2412 l.
1135 2376 1159 2412 1.
1180 2379 1255 2423 (87)
1290 2376 1470 2423 leguntur
1506 2382 1566 2423 (ex
1597 2378 1777 2415 censoriis
1809 2381 1866 2415 ta-

109 2430 242 2479 bulis):
280 2433 347 2469 ubi
370 2438 561 2480 praetores
591 2436 803 2482 tribunique
831 2436 952 2483 plebei
976 2437 1110 2483 quique
1135 2437 1177 2472 in
1203 2437 1398 2473 consilium
1422 2439 1543 2474 vocati
1566 2443 1654 2474 sunt
1678 2444 1866 2483 verterunt,

109 2501 272 2529 censores
295 2494 392 2530 inter
415 2505 452 2530 se
476 2496 695 2531 sortiuntur.
735 2495 918 2531 Omnibus
942 2495 1055 2532 rebus
1080 2497 1287 2542 perpensis,
1313 2497 1386 2533 etsi
1411 2509 1487 2533 non
1505 2509 1686 2544 negamus
1707 2498 1868 2544 cogitari

109 2561 220 2597 posse
245 2551 292 2587 de
318 2553 488 2599 exemplo
513 2553 726 2600 imperfecti
750 2556 839 2601 post
862 2557 1082 2593 sortirentur
1106 2556 1244 2592 omisso
1270 2578 1315 2584 —
1342 2569 1440 2602 quae
1463 2557 1654 2604 Spengelii
1679 2559 1868 2595 sententia

109 2611 168 2646 est
192 2611 332 2657 praef.¹
356 2624 393 2658 p.
413 2611 512 2648 XLII
537 2615 576 2650 et
598 2617 687 2660 post
710 2613 819 2651 illum
838 2614 878 2650 L.
892 2614 1068 2651 Muelleri
1093 2637 1137 2643 —
1164 2615 1329 2652 Nonium
1355 2616 1446 2652 olim
1470 2617 1565 2653 haec
1591 2617 1740 2654 dedisse
1766 2618 1868 2655 coni-

110 2669 245 2707 cimus:
276 2673 408 2709 sortire
433 2684 506 2719 pro
530 2675 659 2710 sortiri
681 2695 727 2701 —
752 2686 841 2710 nam
868 2674 1069 2721 aliquoties
1095 2676 1135 2711 in
1159 2676 1349 2712 lemmatis
1375 2678 1432 2713 est
1456 2677 1635 2713 infinitivi
1660 2678 1719 2714 vel
1744 2679 1866 2724 prima

110 2731 178 2766 aut
200 2731 316 2767 tertia
341 2731 545 2779 singularis
569 2734 778 2779 praesentis
805 2734 927 2770 forma
957 2746 1025 2781 pro
1051 2735 1138 2772 aliis
1163 2747 1261 2781 quae
1286 2738 1374 2772 sunt
1399 2736 1438 2772 in
1464 2737 1693 2774 testimoniis
1718 2737 1864 2774 formis:

110 2787 157 2825 cf.
182 2792 264 2834 478,
285 2794 341 2827 20.
368 2795 430 2836 243
457 2795 538 2836 4⁷9,
560 2797 623 2838 1⁷3
647 2797 730 2838 480,
750 2797 790 2839 93
815 2797 898 2839 481,
918 2794 940 2830 3
965 2816 1012 2821 -
1033 2796 1150 2832 Varro
1171 2795 1309 2832 Rerum
1330 2796 1579 2833 humanarum
1599 2798 1693 2834 libro
1711 2799 1765 2833 X:
1783 2809 1865 2833 eum

110 2850 274 2887 venerint
297 2861 469 2896 censores,
493 2853 590 2889 inter
612 2863 649 2890 se
673 2855 840 2891 sortiant.
891 2853 1010 2890 Varro
1034 2854 1153 2901 igitur
1177 2855 1218 2890 in
1242 2855 1350 2891 libris
1381 2856 1653 2902 grammaticis,
1683 2856 1757 2891 nisi
1783 2867 1865 2892 cor-

108 2907 258 2953 ruptela
282 2911 356 2955 est,
382 2910 543 2947 formam
567 2914 775 2951 sortiuntur
797 2913 899 2950 male
924 2914 1121 2960 excerpsit,
1146 2914 1291 2951 Nonius
1316 2926 1479 2952 censores
1503 2916 1601 2951 male
1627 2916 1676 2951 ad
1701 2917 1865 2953 venerint

108 2966 267 3003 rettulit.
329 2969 403 3006 Sed
427 2970 499 3007 hoc
523 2973 611 3008 utut
635 2973 710 3017 est',
747 2984 794 3009 ex
817 2972 941 3009 Nonio
973 2984 1063 3010 sane
1098 2974 1296 3018 discimus,
1334 2975 1375 3011 in
1400 2975 1705 3020 Antiquitatibus
1729 2975 1863 3011 harum

109 3035 232 3061 rerum
256 3028 485 3066 mentionem
509 3030 708 3069 exstitisse.
