2176 3386
323 117 412 159 220

679 115 999 159 RELIQVORVM
1023 115 1088 151 DE
1114 115 1438 152 GRAMMATIGA
1462 117 1714 153 LIBRORVM

539 226 729 267 senarios
749 225 979 280 trimetros,
1000 224 1244 267 octonarios
1263 239 1362 267 vero
1383 227 1656 268 tetrametros
1674 229 1943 270 vocaverunt.
1964 242 1986 267 *
2002 242 2022 267 ια
2043 244 2065 275 »ε

537 296 715 339 abusiva
739 295 807 338 vel
837 296 941 338 haec
973 295 1205 350 appellatio
1236 295 1478 351 habebitur,
1509 310 1607 339 cum
1632 297 1795 339 sincera
1819 300 1862 339 et
1892 298 2068 355 propria

537 367 849 423 significatione
883 365 1142 408 Graecorum
1171 376 1319 410 'versus
1350 367 1507 410 herous
1544 367 1790 410 hexameter
1821 383 1924 424 epos
1951 365 2066 412 ‘dica—

536 441 617 480 tur.
679 437 793 494 apud
829 452 908 479 nos
946 441 1089 479 autem
1119 451 1267 480 versus
1306 438 1446 480 dictus
1478 441 1542 481 est
1572 454 1597 481 a
1627 440 1831 495 versuris,
1869 439 1913 481 id
1943 442 2010 483 est
2040 455 2066 482 a

535 510 718 564 repetita
750 509 963 564 scriptura
994 523 1047 550 ex
1079 523 1128 550 ea
1158 511 1281 564 parte
1311 510 1355 551 in
1388 523 1517 564 quam
1549 509 1714 552 desinit.
1769 511 1920 566 primis
1951 512 2064 554 enim
2100 527 2118 555 ο

534 581 812 636 temporibus,
854 580 966 622 sicut
997 579 1170 635 quidam
1201 580 1415 636 adserunt,
1436 581 1517 623 ‘sic
1549 581 1667 623 soliti
1708 583 1830 623 erant
1870 580 2065 636 scribere,

534 654 584 693 ut
610 666 707 694 cum
733 666 758 693 a
783 651 958 694 sinistra
982 653 1102 706 parte
1127 650 1299 693 initium
1325 652 1464 694 facere
1497 652 1737 706 coepissent
1768 655 1810 694 et
1842 652 2065 695 duxissent

535 722 587 764 ad
619 722 829 777 dextram,
861 724 1109 777 sequentem
1140 737 1311 765 versum
1343 737 1367 764 a
1400 723 1548 764 dextra
1578 725 1700 778 parte
1730 723 1981 766 inchoantes
2011 723 2066 765 ad

534 793 751 836 sinistram
781 793 1071 848 perducerent,
1098 808 1225 848 quem
1251 807 1412 836 morem
1443 794 1588 836 ferunt
1615 794 1831 836 custodire
1857 793 1994 836 adhuc
2018 794 2066 853 in
2086 850 2088 852 ‚

534 864 623 907 suis
654 864 851 920 li[tte]ris
882 865 1078 906 rusticos.
1140 865 1223 906 hoc
1255 866 1398 906 autem
1430 878 1563 920 genus
1597 865 1834 920 scripturae
1866 865 2064 908 dicebant
2083 883 2119 910 ιο

535 935 906 990 βουστοφη<δό>ν
931 950 956 977 a
980 935 1112 977 boum
1137 935 1391 990 versatione,
1415 936 1527 977 unde
1553 935 1692 979 adhuc
1723 936 1768 978 in
1799 936 1957 979 arando
1988 936 2065 979 ubi

538 1006 695 1048 desinit
735 1007 878 1048 sulcus
911 1009 953 1047 et
994 1006 1106 1048 unde
1137 1005 1246 1048 alter
1276 1006 1503 1049 inchoatur
1534 1021 1707 1049 versura
1736 1008 1911 1063 proprio
1943 1021 2065 1050 voca-

534 1076 636 1119 bulo
668 1080 951 1132 nuncupatur.
1013 1077 1151 1119 omnis
1183 1080 1326 1119 autem
1358 1092 1506 1120 versus
1538 1079 1590 1120 ab
1623 1078 1790 1135 integra
1820 1081 1943 1133 parte
1974 1093 2065 1121 ora—

533 1148 665 1190 tionis
697 1148 849 1203 incipit
881 1151 923 1190 et
954 1148 999 1189 in
1030 1148 1241 1205 integram
1273 1148 1431 1190 desinit
1461 1149 1652 1204 exceptis
1682 1148 1750 1191 his
1782 1164 1889 1204 quae
1920 1149 1967 1191 in
1996 1162 2064 1192 co-

533 1219 712 1262 moediis
756 1219 1000 1262 ioculariter
1039 1219 1152 1261 dicta
1195 1222 1396 1275 corrupta
1438 1222 1512 1262 aut
1555 1220 1790 1276 semiplena
1832 1220 2066 1264 efferuntur
2083 1237 2117 1265 ιε

532 1293 607 1332 aut
640 1305 747 1346 quae
787 1305 883 1333 raro
916 1291 1031 1345 apud
1062 1291 1207 1346 epicos
1247 1291 1373 1333 metri
1414 1291 1682 1334 necessitate·
1698 1291 1956 1335 dividuntur.
1983 1325 1992 1334 .
2019 1325 2027 1334 .
2054 1325 2063 1334 .

531 1362 625 1417 pari
666 1362 832 1404 ratione
872 1362 917 1404 in
949 1376 1075 1404 versu
1112 1364 1155 1404 et
1193 1376 1384 1417 apocope
1416 1365 1642 1418 praecepta
1673 1367 1748 1419 est,
1788 1363 1833 1405 id
1864 1365 1928 1405 est
1968 1363 2063 1405 sub-

530 1434 685 1476 tractio
739 1433 927 1489 syllabae
977 1433 1290 1489 syllabarumve
1338 1434 1568 1476 cuiuslibet
1615 1434 1807 1490 (partis)
1857 1433 2062 1477 orationis

531 1507 669 1547 metro
702 1508 880 1561 cogente
911 1505 1037 1559 facta,
1069 1519 1176 1560 quae
1209 1505 1298 1546 sive
1328 1505 1374 1547 in
1398 1505 1529 1547 verbo
1562 1505 1651 1547 sive
1681 1506 1728 1548 in
1756 1505 1930 1548 nomine
1955 1506 2063 1548 acci-

532 1576 643 1618 derit
673 1590 753 1630 pro
785 1576 952 1632 integra
982 1578 1103 1631 parte
1136 1575 1342 1618 orationis
1374 1576 1617 1631 accipietur,
1648 1579 1697 1618 ut
1729 1576 1851 1618 ‘endo
1878 1590 1954 1618 sua
1979 1576 2062 1631 do',
2081 1593 2117 1620 πο

531 1646 576 1688 id
607 1650 673 1689 est
703 1648 749 1689 in
780 1662 856 1689 sua
887 1647 1014 1689 domo
1042 1647 1172 1699 (Ena.
1193 1661 1291 1689 ann.
1311 1648 1396 1689 576
1417 1645 1518 1703 V.2);
1549 1647 1654 1689 item
1686 1647 1806 1703 ‘a<c>
1836 1647 1971 1689 famul
2000 1648 2062 1689 in·

530 1717 657 1760 fimus
683 1718 808 1760 esset'
835 1732 914 1773 pro
944 1718 1107 1760 famulo
1140 1719 1257 1770 (ibid.
1277 1722 1361 1760 313
1391 1722 1428 1761 et
1446 1718 1568 1761 lawr.
1589 1718 1678 1761 III
1689 1720 1835 1774 1035)3
1867 1717 2063 1761 similiter

532 1788 697 1844 ‘proras
724 1789 951 1831 detundete
977 1791 1019 1830 et
1043 1789 1336 1844 <de>spoliate
1363 1790 1586 1846 guberna',
1611 1789 1655 1831 id
1681 1793 1745 1831 est
1775 1790 2062 1846 gubernacula

531 1860 683 1912 (Lucil.
703 1862 789 1903 578
801 1860 898 1913 M).
922 1894 928 1901 .
952 1895 958 1901 .
981 1894 988 1902 .
1021 1874 1168 1902 versus
1188 1863 1330 1902 autem
1352 1860 1482 1902 distat
1507 1876 1531 1902 a
1556 1863 1706 1916 metro,
1731 1860 1846 1916 quod
1871 1860 1917 1902 in
1935 1874 2061 1902 versu

530 1932 676 1974 statim
707 1932 879 1974 auditur
903 1934 946 1973 et
976 1933 1173 1985 metrum,
1205 1932 1249 1973 in
1281 1934 1418 1974 metro
1451 1934 1591 1974 autem
1619 1946 1706 1973 non
1730 1931 1877 1973 statim
1902 1945 2059 1973 versus.
2079 1948 2113 1975 π

317 2000 476 2059 (**)92
503 2000 581 2059 (70
607 2001 764 2060 [443]).
809 2004 882 2058 qui
907 2017 1053 2045 versus
1085 2002 1188 2044 facit
1219 2003 1337 2059 παρὰ
1367 2002 1474 2058 <τὸ>
1498 2011 1643 2045 ποιεῖν
1669 2002 1808 2045 dictus
1841 2004 1904 2044 est
1934 2017 2061 2058 ποιη-

529 2076 620 2128 τής,
659 2073 814 2116 Latina
852 2073 1002 2130 lingua
1032 2075 1163 2128 vates,
1205 2074 1319 2128 quod
1349 2074 1478 2116 verba
1517 2073 1808 2116 modulatione
1849 2076 2059 2116 conectat:

528 2145 642 2187 viere
674 2145 788 2187 enim
820 2147 1039 2187 conectere
1070 2148 1151 2200 est,
1182 2144 1294 2187 unde
1325 2145 1469 2187 vimen
1501 2144 1661 2187 dictum
1693 2144 1868 2202 virgulti
1899 2144 2059 2201 species

432 2325 455 2354 4
483 2321 536 2364 Of.
561 2321 640 2356 GL.
663 2322 735 2356 III
751 2323 833 2364 514,
845 2324 914 2365 27‚-
941 2322 1000 2356 VI
1014 2324 1097 2364 631,
1109 2324 1180 2364 20;
1205 2322 1403 2367 Aaqustm.
1426 2321 1469 2356 de
1488 2321 1564 2356 ord.
1585 2321 1637 2355 II
1649 2323 1706 2355 40.
1734 2320 1777 2355 de
1801 2331 1890 2355 mus.
1918 2320 2058 2363 V3,4;

314 2369 404 2404 Isia.
433 2370 460 2403 1
480 2371 540 2412 39,
552 2371 587 2404 2.
615 2369 675 2403 VI
699 2371 790 2412 14,7
815 2370 826 2414 ιι
859 2373 900 2403 17
930 2368 984 2412 Of.
1014 2368 1094 2404 GL.
1120 2369 1149 2402 Ι
1166 2371 1325 2411 278,21.
1351 2370 1514 2412 441‚34;
1539 2369 1606 2404 1V
1624 2370 1791 2411 263,12‚-
1818 2368 1852 2402 V
1872 2369 2022 2410 388,22
2046 2368 2057 2413 n

314 2419 357 2450 21
387 2416 441 2459 Of.
468 2416 566 2451 Non.
595 2419 713 2459 110,7
750 2418 760 2462 ΙΙ
799 2419 842 2450 22
871 2416 925 2460 Of.
952 2417 1051 2451 Non.
1077 2418 1162 2459 490,
1175 2419 1221 2452 31
1259 2417 1269 2461 ΙΙ
1307 2419 1351 2450 26
1381 2415 1460 2451 GL.
1484 2416 1542 2450 VI
1561 2418 1682 2458 56,16
1714 2414 1793 2459 (qui
1822 2425 1948 2450 versus
1975 2442 1982 2449 .
2012 2441 2019 2448 .
2046 2442 2054 2449 .

314 2462 466 2498 Homeri
499 2465 537 2498 et
561 2463 697 2498 Aeneis
722 2462 917 2509 Vergilii),·
950 2464 996 2507 ef.
1022 2464 1121 2499 Don.
1148 2464 1190 2498 in
1215 2463 1335 2499 Anda.
1355 2463 1450 2508 prol.
1478 2466 1500 2498 3
1535 2464 1680 2507 (poetae
1707 2473 1729 2496 a
1759 2461 1931 2497 faciendo
1964 2461 2057 2497 dicti

313 2511 411 2553 sunt,
437 2511 512 2545 ἀπὸ
537 2515 603 2546 τοῦ
628 2512 764 2556 ποιεῖν)
772 2525 784 2554 ;
815 2511 895 2546 GL.
923 2512 949 2545 Ι
970 2513 1053 2552 491,
1067 2513 1114 2546 18
1137 2512 1148 2556 Η
1174 2514 1217 2544 27
1246 2511 1301 2553 Cf.
1323 2521 1363 2555 Ρ.
1387 2512 1449 2554 20,
1462 2513 1509 2545 14
1533 2514 1566 2546 et
1591 2512 1710 2553 104,3
1735 2509 1854 2554 ibique
1879 2509 2057 2545 adnotata

434 2681 451 2710 1
472 2677 644 2712 lacunam
668 2677 895 2722 siynavimus
914 2678 1027 2720 (velat
1046 2676 1309 2723 <hexametros
1329 2675 1472 2710 Ennius
1490 2675 1623 2721 longos
1643 2674 1836 2722 vocavit>:
1861 2675 1905 2718 cf.
1928 2676 2054 2710 testim.

312 2724 362 2758 ad
387 2725 489 2759 Enn.
515 2725 587 2759 inc.
612 2726 663 2759 20
690 2725 728 2759 V.
736 2723 764 2769 ²)
792 2725 803 2769 ΙΙ
828 2728 848 2758 2
876 2723 1048 2758 abusiue:
1075 2734 1156 2759 corr
1171 2724 1258 2759 Keil
1279 2724 1284 2769 1
1315 2722 1522 2768 appellatio
1548 2724 1601 2758 vel
1626 2721 1879 2767 appellatione
1903 2723 1914 2767 u
1941 2725 1960 2756 7
1989 2722 2055 2756 du-

311 2771 454 2805 xissent
473 2772 527 2806 vel
546 2771 714 2806 duxisset
732 2773 742 2817 ΙΙ
764 2775 807 2806 10
827 2772 884 2807 del
904 2772 1069 2807 Valesius
1087 2772 1098 2816 ΙΙ
1119 2775 1160 2805 11
1181 2770 1412 2815 bustrophen
1431 2771 1485 2806 vel
1503 2770 1745 2815 bostrophen:
1767 2780 1847 2805 corr
1860 2769 2025 2804 Valesius
2042 2770 2055 2815 11

313 2822 356 2853 12
382 2818 532 2863 proprio
558 2819 611 2854 vel
635 2819 786 2863 propria
811 2820 822 2864 ΙΙ
849 2823 892 2854 14
917 2823 950 2854 et
977 2822 1018 2853 16
1045 2829 1140 2862 quae
1159 2818 1302 2862 velqui
1327 2819 1338 2863 ΙΙ
1365 2821 1407 2852 17
1433 2819 1584 2862 recepta
1596 2818 1685 2852 Keil
1709 2818 1720 2862 ΙΙ
1747 2820 1790 2851 18
1815 2817 1924 2861 suppl
1942 2817 2054 2852 Wilm

312 2865 527 2911 (cuiuslibet
551 2878 588 2910 p.
609 2877 660 2901 or.
679 2866 877 2912 secludens)
896 2867 908 2911 ΙΙ
933 2869 978 2900 20
1003 2866 1143 2901 utendo
1168 2866 1221 2900 vel
1245 2867 1288 2900 ut
1312 2865 1400 2900 indo
1424 2866 1428 2910 Ι
1451 2865 1583 2900 suado:
1610 2876 1715 2899 suam
1735 2864 1782 2898 do
1801 2865 1907 2899 ceteri
1924 2867 2024 2899 testes
2042 2865 2054 2909 ΙΙ

312 2917 354 2947 21
383 2913 546 2956 afamul;
572 2925 640 2948 aa:
665 2915 708 2948 ut
733 2913 850 2948 famul
876 2914 935 2958 (=
949 2914 1071 2948 Eun„-
1096 2923 1139 2947 ac
1164 2912 1282 2947 famul
1305 2917 1347 2948 at
1366 2913 1477 2948 Lacr.
1496 2911 1558 2957 v).9
1582 2913 1593 2957 ΙΙ
1619 2915 1664 2946 23
1690 2911 1881 2946 detendite
1907 2913 1945 2946 et
1969 2921 2053 2956 spo-

310 2960 417 2995 liate:
445 2961 654 3005 despoliate
680 2963 718 2996 et
743 2960 937 2995 detundite
963 2961 1062 2996 Non.
1090 2960 1303 3005 (detondete
1328 2971 1360 3003 v,
1387 2959 1589 2995 detundete
1614 2959 1743 3004 Marx)
1768 2959 1780 3004 ΙΙ
1805 2962 1848 2993 27
1875 2957 1976 3003 quod
1999 2958 2055 2994 vel

311 3007 448 3042 dicitur
473 3008 537 3051 qui
