2176 3386
81 1085 116 1112 10

86 1445 119 1471 15

858 183 1166 221 FRAGMENTA
1801 182 1887 228 227

647 340 1114 387 DISCIPLINARVM
1145 341 1325 386 LIBER
1355 340 1376 385 1

759 443 840 487 DE
873 442 1265 487 GRAMMATICA

133 547 283 592 ”107
317 547 392 606 (91
429 543 588 605 [234]).
650 561 720 590 ars
761 545 1044 603 grammatica
1080 560 1190 602 quae
1227 560 1252 588 a
1290 545 1415 589 nobis
1451 546 1699 590 litteratura
1736 546 1893 591 dicitur

350 619 530 663 scientia
569 620 636 661 est
666 618 873 674 (eorum)
904 632 1013 674 quae
1054 633 1080 661 a
1118 618 1258 674 poetis
1299 618 1519 661 historicis
1560 618 1892 675 oratoribusque

350 691 552 735 dicuntur
582 705 634 733 ex
672 691 792 746 parte
829 689 1003 732 maiore.
1067 689 1158 733 eius
1196 690 1429 747 praecipua
1459 690 1603 733 officia
1635 693 1737 734 sunt
1773 693 1895 747 quat-

349 766 450 806 tuor
476 796 484 805 .
512 796 520 805 .
548 779 574 805 .:
607 761 794 805 scribere
824 760 966 819 legere
997 761 1249 819 intellegere
1281 761 1476 818 probare.

134 845 286 890 “108
319 845 396 904 (92
429 844 588 904 [235]).
651 844 790 888 audiri
831 844 1075 888 absentium
1107 845 1238 888 verba
1268 860 1357 889 non
1397 848 1610 903 poterant.
1672 860 1776 904 ergo
1816 846 1893 890 illa

350 917 462 961 ratio
502 917 669 974 peperit
708 916 876 960 litteras
917 916 1080 960 notatis
1120 917 1322 961 omnibus
1354 918 1442 961 oris
1480 933 1531 962 ac
1570 917 1745 975 linguae
1775 919 1894 962 sonis

350 993 481 1047 atque
513 988 720 1033 discretis.
781 988 895 1031 nihil
925 991 1069 1031 autem
1110 989 1264 1032 horum
1295 989 1435 1033 facere
1466 992 1649 1046 poterat,
1681 990 1717 1032 si
1749 990 1893 1033 multi-

350 1061 454 1105 tudo
486 1076 629 1104 rerum
663 1060 755 1103 sine
786 1060 974 1116 quodam
1006 1060 1147 1105 defixo
1181 1061 1365 1104 termino
1402 1061 1572 1104 infinite
1603 1063 1751 1118 patere
1782 1061 1895 1104 vide—

350 1136 479 1177 retur.
533 1147 637 1191 ergo
662 1132 830 1176 utilitas
855 1132 1107 1175 numerandi
1133 1147 1291 1190 magna
1314 1134 1572 1177 necessitate
1597 1133 1895 1176 animadversa

351 1208 427 1248 est.
490 1204 649 1261 quibus
681 1204 849 1247 duobus
879 1204 1060 1260 repertis
1091 1207 1194 1247 nata
1225 1207 1291 1248 est
1323 1205 1400 1247 illa
1429 1205 1706 1248 librariorum
1737 1207 1781 1248 et
1811 1205 1895 1249 cal-

353 1277 557 1321 culonum
589 1276 800 1333 professio
826 1274 946 1319 velut
976 1276 1183 1333 quaedam
1217 1278 1524 1335 grammaticae
1556 1277 1740 1320 infantia
1764 1292 1894 1333 quam

352 1349 491 1393 Varro
517 1348 827 1392 litterationem
853 1350 990 1391 vocat.
1019 1383 1026 1391 .
1048 1382 1056 1391 .
1078 1383 1086 1391 .
1118 1351 1292 1405 poterat
1318 1349 1402 1392 iarn
1429 1348 1620 1405 perfecta
1645 1363 1738 1391 esse
1756 1363 1898 1406 gram-

355 1421 525 1477 matica,
551 1420 624 1463 sed
651 1420 753 1477 quia
777 1420 872 1476 ipso
898 1420 1072 1463 nomine
1097 1420 1292 1477 profiteri
1318 1435 1364 1464 se
1387 1421 1556 1464 litteras
1583 1420 1752 1476 clamat,
1783 1420 1897 1464 unde

354 1493 484 1536 etiam
522 1492 655 1536 latine
695 1492 940 1535 litteratura
985 1492 1154 1548 dicitur,
1197 1492 1361 1536 factum
1399 1496 1465 1536 est
1501 1495 1551 1536 ut
1589 1492 1795 1548 quicquid
1835 1492 1897 1535 di-

354 1580 487 1622 gnum
531 1564 740 1608 memoria
781 1564 940 1607 litteris
983 1564 1259 1607 mandaretur
1302 1564 1356 1606 ad
1394 1579 1487 1607 eam
1524 1565 1766 1608 necessario
1803 1579 1896 1621 per-

353 1638 521 1680 tineret.

138 1720 290 1764 **109
324 1720 401 1778 (93
434 1719 594 1778 [236]).
656 1721 761 1763 artis
811 1719 1117 1777 grammaticae
1161 1720 1306 1764 officia
1338 1755 1346 1763 .
1374 1755 1382 1762 .
1410 1755 1416 1762 .
1450 1722 1651 1763 constant
1698 1719 1896 1775 partibus

260 1872 281 1904 3
311 1868 391 1906 GL.
415 1869 473 1904 VI
491 1870 562 1912 4,4
589 1870 646 1914 (ut
670 1867 829 1904 Varroni
860 1868 988 1914 placet
1012 1879 1072 1904 ars
1100 1897 1106 1903 .
1130 1896 1136 1903 .
1158 1895 1167 1904 .
1194 1870 1373 1914 quattuor
1398 1870 1441 1904 ut
1471 1868 1545 1914 ipsi
1577 1867 1703 1914 placet
1733 1867 1896 1905 scribere

143 1945 150 1952 .
172 1944 181 1952 .
203 1944 210 1951 .
229 1915 424 1962 probare);
449 1916 496 1960 cf.
516 1915 632 1952 Dion.
658 1917 741 1952 Thr.
763 1918 836 1961 5,2
857 1917 935 1953 th.
964 1915 1214 1963 (γραμματική
1240 1915 1339 1952 ἐστιν
1365 1915 1539 1962 ἐμπειρία
1562 1921 1637 1952 τῶν
1662 1916 1767 1960 παρὰ
1791 1928 1899 1962 ποιη·

140 1970 223 2006 ταῖς
245 1976 284 2000 τε
309 1964 374 2000 καὶ
399 1969 676 2010 συγγραφεῦσιν
701 1965 751 2005 ὡς
775 1964 838 2000 ἐπὶ
862 1962 904 2000 τὸ
930 1965 1025 2000 πολὺ
1050 1963 1294 2011 λεγομένων),·
1321 1964 1403 2001 GL.
1425 1966 1453 2000 I
1465 1967 1552 2009 426,
1566 1967 1633 2008 13‚·
1659 1965 1726 2000 IV
1739 1967 1899 2009 486‚15;

150 2013 186 2048 V
205 2014 290 2056 54⁷,
310 2015 347 2056 7;
379 2012 439 2049 VI
457 2014 542 2056 188,
562 2015 583 2047 1
610 2029 654 2042 =
683 2013 762 2048 V11
786 2015 870 2056 321,
891 2015 934 2056 6;
974 2013 1056 2049 1⁷11
1073 2014 1166 2056 214,
1186 2015 1254 2056 19;
1293 2013 1410 2049 Mart.
1452 2013 1541 2058 cap.
1578 2013 1654 2048 ΠΙ
1684 2015 1772 2056 230,
1801 2013 1850 2048 αι.
1888 2014 1902 2058 ιι

145 2063 163 2095 ’1
179 2060 378 2107 Auyustin.
399 2060 442 2095 de
461 2060 538 2096 ord.
553 2060 606 2096 II
619 2062 679 2104 12,
692 2062 740 2096 35
760 2059 870 2106 (illud
889 2060 991 2106 quod
1010 2059 1050 2095 in
1069 2059 1179 2096 nobis
1199 2060 1258 2096 est
1275 2059 1474 2105 rationale,
1493 2059 1534 2095 id
1553 2062 1611 2096 est
1630 2060 1732 2105 quod
1750 2059 1900 2096 ratione

142 2107 265 2144 utitur
282 2109 321 2143 et
339 2106 581 2143 rationabilia
600 2106 658 2144 vel
677 2107 770 2143 facit
788 2107 847 2144 vel
867 2107 1047 2153 sequitur,
1066 2107 1157 2154 quia
1175 2107 1342 2144 naturali
1361 2108 1526 2154 quodam
1544 2107 1693 2143 vinculo
1714 2107 1753 2142 in
1772 2119 1901 2144 eorum

144 2155 322 2191 societate
348 2154 638 2201 astringebatur,
664 2167 749 2191 cum
773 2154 911 2202 quibus
934 2155 994 2191 illi
1019 2157 1102 2192 erat
1125 2156 1223 2191 ratio
1247 2155 1332 2202 ipsa
1357 2155 1566 2192 communis
1592 2183 1601 2192 .
1629 2184 1635 2191 .
1664 2183 1672 2191 .
1699 2155 1795 2191 vidit
1819 2165 1902 2192 esse

144 2203 372 2249 imponenda
406 2202 517 2239 rebus
548 2202 733 2239 vocabula
759 2230 767 2238 .
795 2231 803 2238 .
832 2232 839 2239 .
866 2203 932 2239 sed
966 2203 1091 2239 audiri
1118 2232 1125 2239 .
1153 2231 1160 2239 .
1190 2232 1196 2239 .
1223 2205 1349 2239 vocat:
1384 2214 1518 2250 graece
1553 2206 1680 2240 autem
1711 2203 1901 2248 quomodo

144 2250 358 2298 appelletur
381 2261 456 2286 non
480 2250 520 2286 in
545 2250 761 2296 praesentia
784 2251 919 2287 recolo.
947 2279 954 2286 .
982 2279 990 2286 .
1018 2279 1026 2287 .
1052 2250 1199 2287 litteras
1228 2279 1234 2286 .
1257 2280 1264 2287 .
1287 2280 1294 2287 .
1320 2251 1540 2287 nominavit.
1578 2251 1715 2287 deinde
1735 2250 1902 2296 syllabas

144 2299 305 2344 notavit,
329 2298 467 2335 deinde
491 2298 606 2334 verba
640 2298 681 2334 in
706 2300 790 2335 octo
825 2309 964 2346 genera
997 2299 1211 2344 formasque
1247 2299 1398 2346 digesta
1423 2300 1511 2335 sunt
1609 2327 1616 2334 .
1643 2300 1794 2344 poterat
1819 2326 1827 2334 .
1855 2327 1863 2334 .
1892 2327 1899 2333 .

144 2347 364 2394 pertineret)
371 2361 385 2391 ‚·
410 2347 456 2391 ef.
484 2346 576 2383 leid.
603 2348 631 2383 I
651 2349 685 2391 3,
700 2350 720 2382 1
760 2346 968 2393 primordia
993 2347 1263 2393 grammaticae
1289 2346 1381 2383 artis
1407 2346 1557 2383 litterae
1583 2357 1799 2382 communes
1824 2346 1902 2382 exi—

147 2396 262 2439 stunt,
288 2406 382 2440 quas
407 2393 554 2430 librarii
579 2396 619 2430 et
644 2394 725 2431 calc
768 2395 891 2431 atores
925 2397 1118 2431 secuntur:
1151 2406 1310 2441 quorum
1344 2394 1549 2441 disciplina
1573 2394 1678 2430 velut
1711 2394 1900 2440 quaedam

147 2442 543 2538 ffiffiissfi-”AE‘Z
566 2441 739 2527 5322?ss
755 2444 828 2536 ‘2⁸¹⁵‘
847 2443 1028 2527 3211}ss
1051 2453 1134 2478 ‘³⁸¹¹‘
1159 2442 1575 2538 Zffiffisssszfssffffizffi
1595 2443 1735 2526 {5:³13}
1763 2443 1904 2526 {1322ss

146 2540 190 2574 ut
215 2538 339 2574 adhuc
363 2518 495 2574 r’ud'em
521 2518 753 2584 appellatitm
777 2501 859 2575 {itae
885 2538 980 2574 dicit
1003 2503 1258 2574 1itterat⁶1¹uam
1285 2538 1572 2586 [litterationem
1594 2502 1764 2586 wamy?
1783 2539 1900 2574 Mart.

149 2587 238 2633 Gap.
253 2587 416 2622 111229
436 2586 684 2632 (γραμματικὴ
711 2586 815 2623 dicor
839 2586 879 2622 in
899 2585 1057 2622 Graecia
1082 2614 1090 2622 .
1113 2615 1120 2621 .
1142 2614 1150 2622 .
1176 2586 1272 2622 mihi
1297 2586 1477 2622 Romulus
1502 2586 1742 2622 litteraturae
1767 2596 1902 2622 nomen

149 2633 335 2679 ascripsit,
372 2633 541 2680 quamvis
579 2634 761 2670 infantem
799 2645 860 2670 me
897 2634 1167 2671 litterationem
1201 2634 1364 2670 voluerit
1400 2645 1629 2680 nuncupare,
1664 2634 1764 2670 sicut
1800 2634 1902 2679 apud

149 2682 310 2717 Graecos
335 2681 629 2728 γραμματιστική
652 2681 828 2728 primitus
847 2682 1074 2727 vocitabar„
1101 2682 1182 2719 GL.
1203 2684 1328 2726 1421,
1342 2686 1387 2718 11
1408 2684 1461 2728 (et
1485 2682 1754 2729 grammaticus
1782 2681 1901 2717 latine

148 2729 338 2765 litterator
362 2732 421 2764 est
445 2727 659 2775 appellatus
683 2731 724 2765 et
747 2730 997 2785 grammatica
1021 2729 1272 2776 litteratura);
1296 2731 1496 2778 Auyusti‘n.
1523 2730 1567 2766 de
1591 2741 1680 2766 mus.
1707 2730 1783 2766 III
1803 2733 1837 2773 1,
1852 2731 1906 2784 1]

152 2780 195 2813 19
223 2777 304 2813 GL.
331 2778 360 2813 I
378 2779 462 2821 426,
474 2780 522 2813 21
549 2778 833 2823 (grammaticae
857 2777 996 2823 officia,
1028 2778 1073 2813 ut
1097 2777 1239 2814 adserit
1263 2777 1393 2822 Varro,
1424 2779 1600 2814 constant
1625 2805 1632 2813 .
1660 2804 1669 2813 .
1697 2805 1705 2813 .
1732 2779 1789 2813 est
1813 2777 1903 2812 art1—

150 2824 284 2861 ficialis
321 2824 583 2871 interpretatio
622 2824 679 2860 vel
717 2825 821 2861 varia
847 2853 855 2861 .
882 2854 890 2861 .
918 2853 926 2861 .
952 2825 1171 2871 explanatio
1202 2825 1260 2861 vel
1297 2825 1499 2871 exquisitio
1537 2836 1605 2871 per
1640 2835 1754 2870 quam
1791 2824 1904 2859 unius

150 2873 331 2918 cuiusque
354 2871 410 2908 rei
435 2871 659 2918 qualitatem
683 2872 842 2955 poeticis
867 2873 1043 2920 glossulis
1068 2873 1306 2910 exsolvimus.
1344 2873 1557 2909 emendatio
1583 2875 1641 2908 est
1659 2883 1736 2917 qua
1754 2871 1907 2918 singula

150 2922 263 2967 prout
293 2919 376 2967 ipsa
400 2930 459 2956 res
490 2919 660 2966 postulat
710 2920 882 2968 irigimus
908 2921 1152 2957 aestimantes
1178 2921 1435 2957 universorum
1467 2920 1691 2966 scriptorum
1717 2919 1903 2955 diversam

270 3063 292 3094 4
328 3059 438 3105 mppl
462 3058 547 3095 Scal
583 3059 594 3103 ΙΙ
633 3061 677 3093 19
712 3057 805 3093 artis
839 3058 1109 3104 grammaticae
1134 3058 1188 3094 vel
1221 3057 1492 3104 grammaticae
1527 3059 1628 3102 (item
1656 3069 1694 3103 p.
1719 3060 1809 3102 228,
1826 3060 1867 3103 8)
1897 3059 1901 3104 l

152 3106 278 3142 officia
304 3134 311 3141 .
340 3134 347 3141 .
376 3134 382 3141 .
410 3107 585 3142 constant
608 3107 663 3142 vel
687 3105 853 3141 officium
878 3107 1026 3142 constat
1047 3109 1053 3151 Ι
1080 3106 1253 3151 partibus
1279 3107 1332 3142 vel
1357 3106 1397 3141 in
1421 3105 1594 3151 partibus

1550 3165 1618 3199 15*
