2176 3386
78 0 134 22 μ’»
214 3 217 5 ·

0 243 7 269 ξ

0 270 10 335 Ξ

0 340 9 451 ἔ

0 453 7 504 i

287 731 325 780 4,
347 732 384 771 3,
417 731 479 770 De
505 732 565 770 est
589 729 749 769 delendo
774 741 823 768 nc
848 730 986 780 eoyites
1010 740 1098 768 cum
1121 728 1188 778 Sp.
1214 723 1275 783 (in
1301 728 1445 779 quibus
1471 731 1533 767 est
1552 746 1596 759 =
1618 727 1762 778 quibus
1786 722 1924 780 inest).

286 797 325 845 4,
346 797 383 836 5.
426 795 484 845 Cf.
510 795 658 835 Vahlen
692 794 831 844 Opuse.
863 806 920 835 ac.
946 794 978 833 I
999 795 1089 834 392
1113 789 1183 848 (ad
1217 796 1259 834 te
1284 796 1474 843 respicere
1508 794 1600 832 libri
1633 794 1926 842 inscriptionem

163 873 335 908 monens,
359 862 449 902 item
469 861 534 901 VI
556 863 623 900 97.
651 861 741 900 VII
765 862 851 900 109
863 855 962 915 sq.);
985 872 1054 900 nec
1073 862 1202 899 tamen
1220 859 1497 910 neyleyendum
1512 860 1789 910 yrammaticos
1808 860 1924 898 etiam

156 927 314 977 priores
338 927 459 967 libros
486 923 556 967 ‘ad
582 923 819 966 Ciceronem’
847 927 1037 966 excitare:
1061 928 1109 975 cf.
1134 927 1358 975 fragmenta
1382 927 1485 965 tertii
1510 925 1603 965 libri
1628 926 1667 964 2.
1690 925 1729 963 3.
1752 926 1790 963 4.

286 995 325 1043 4,
347 995 385 1032 6.
417 993 628 1032 Lacunam
653 1004 702 1031 ne
727 993 881 1042 expleas
906 1004 994 1031 cum
1012 991 1062 1030 A.
1075 991 1144 1042 Sp.
1171 986 1476 1045 (consuetudine
1500 987 1641 1043 <apud
1665 989 1859 1041 populum
1883 992 1926 1029 et

6 1071 7 1074 ¹
167 1071 215 1098 ea
239 1071 342 1110 quae
366 1054 657 1110 inveniuntur>
682 1058 789 1109 apud
823 1053 983 1112 poetas)
1017 1069 1112 1097 neve
1145 1069 1232 1097 cum
1258 1058 1464 1107 Madviyio
1488 1056 1592 1096 Adv.
1612 1057 1670 1095 II
1693 1057 1779 1095 166
1813 1050 1923 1110 (con-

0 1139 9 1171 f
164 1123 373 1164 suetudine
398 1120 495 1177 (et)
521 1124 628 1175 apud
654 1118 816 1178 poetas)
823 1138 838 1172 ,·
862 1125 979 1163 immo
1002 1124 1096 1163 haec
1119 1124 1180 1163 vel
1203 1124 1303 1164 tatia
1328 1126 1613 1172 exspectamus:
1638 1120 1923 1162 consuetudine

164 1187 395 1242 <communi
421 1192 462 1229 et
487 1202 534 1229 ea
559 1201 663 1240 quae
689 1189 931 1229 auctoritate
955 1189 1168 1229 firmantur
1191 1185 1383 1242 inventa>
1410 1188 1518 1240 apud
1543 1190 1696 1240 poetas.

285 1257 325 1305 4,
347 1257 413 1296 10.
452 1268 542 1295 cum
574 1254 874 1295 demonstratam
898 1254 1047 1295 dicitur
1075 1255 1246 1295 malebat
1268 1255 1336 1304 Sp.
1343 1268 1360 1303 ‚·
1391 1266 1411 1294 e
1435 1255 1632 1294 contrario
1656 1267 1700 1303 p.
1723 1256 1760 1304 7,
1777 1254 1831 1293 23
1858 1253 1923 1293 de-

164 1323 365 1361 monstrat
389 1333 479 1361 cum
505 1321 605 1360 dicit
627 1320 783 1360 Aldus:
807 1333 1045 1370 quamquam
1070 1321 1143 1360 loci
1166 1322 1245 1371 ipsi
1268 1323 1362 1360 sunt
1385 1320 1605 1360 dissimiles.

284 1387 376 1426 ibid.
421 1385 624 1438 pertendit
648 1378 737 1426 cum
765 1385 916 1426 Canale
940 1387 1171 1435 reliquimus
1197 1390 1231 1426 et
1259 1398 1350 1426 mox
1379 1388 1551 1438 perstet,
1575 1386 1643 1425 ubi
1673 1384 1925 1436 pertenditur

0 1382 9 1527 ι
164 1464 252 1492 eum
278 1453 486 1493 Vertranio
512 1455 548 1491 et
570 1454 774 1503 perstetur
800 1463 888 1491 cum
910 1451 1090 1502 Scioppio
1114 1452 1245 1499 multi,
1270 1454 1366 1501 quia
1391 1448 1516 1503 ‘quis’
1540 1452 1658 1500 facile
1676 1450 1926 1497 subauditur,

0 1530 10 1593 Ι
164 1519 210 1557 ut
236 1518 299 1557 VI
323 1518 389 1558 55.
417 1519 489 1563 73,
515 1518 588 1558 aL:
612 1519 661 1567 cf.
680 1518 790 1557 Mae.

0 1606 3 1625 ς
285 1585 324 1633 5,
341 1586 406 1623 11.
439 1584 502 1624 De
518 1583 691 1623 Turnebi
708 1585 955 1624 distinctione
974 1579 1113 1638 (quam
1131 1586 1258 1625 denuo
1270 1587 1563 1635 proposuerunt
1584 1583 1708 1624 Groth
1727 1587 1762 1622 et
1773 1582 1823 1622 A.
1836 1578 1924 1637 Sp.)

0 1661 7 1698 ἡ
164 1650 214 1698 cf.
229 1650 287 1689 ed.
301 1646 464 1699 Bipont.
471 1662 515 1699 p.
529 1650 635 1690 272.
650 1671 698 1676 —
709 1649 815 1688 Muti
832 1651 876 1689 in
888 1649 998 1689 Muci
1015 1653 1170 1690 mutare
1187 1651 1396 1696 noluimus,
1410 1662 1650 1700 quamquam
1667 1661 1738 1689 nec
1752 1649 1925 1689 Turnebi

0 1719 2 1721 '
165 1727 303 1755 sumus
326 1717 570 1755 immemores
592 1727 663 1755 nec
683 1715 832 1755 Ottonis
851 1710 1086 1771 (‘Sprichw.'
1106 1728 1136 1756 s.
1156 1717 1192 1756 h.
1212 1712 1267 1770 v.)
1275 1731 1288 1756 .·
1311 1717 1535 1756 nominibus
1554 1719 1716 1765 propter
1732 1716 1926 1754 notionem

165 1783 289 1821 iocose
311 1783 372 1820 uti
395 1782 550 1820 videtur
574 1776 641 1835 (cf.
667 1781 804 1821 tacitis
830 1794 990 1833 quoque
1015 1784 1056 1821 et
1079 1781 1209 1823 brutis
1234 1784 1342 1832 apud
1366 1782 1552 1822 Senecam
1577 1783 1685 1830 epist.
1715 1782 1812 1826 121,
1832 1776 1923 1834 24).

287 1847 327 1897 5,
349 1847 415 1886 16.
455 1859 628 1898 quorum
655 1877 663 1885 .
690 1878 699 1886 .
726 1878 734 1887 .
762 1848 890 1887 omnis
915 1859 1003 1887 cum
1028 1848 1128 1887 Mue
1152 1849 1205 1888 ad
1230 1849 1492 1888 antecedentia
1517 1847 1724 1896 referenda
1750 1858 1829 1886 esse
1847 1859 1927 1896 pu-

165 1915 315 1952 tamus:
349 1925 519 1963 quorum
555 1907 656 1967 (scil.
681 1913 932 1964 quorundam
958 1909 1222 1969 obiectorum)
1258 1927 1352 1965 pars
1378 1915 1439 1954 est
1463 1912 1662 1953 discordia
1686 1912 1815 1952 omnis
1840 1926 1926 1952 ver·

163 1977 307 2018 borum
332 1990 527 2018 novorum
553 1990 599 2018 ac
624 1980 815 2018 veterum.
864 1979 1113 2029 Quamquam
1139 1993 1309 2031 quorum
1342 1981 1563 2029 suspectum
1597 1981 1673 2018 est:
1706 1979 1773 2017 ubi
1805 1989 1928 2026 neque

0 2084 3 2092 ‚
167 2055 255 2084 cum
274 2044 373 2083 Mue
390 2045 598 2084 scribimus
617 2057 696 2095 quo
717 2039 782 2098 (=
801 2039 914 2099 hinc)
933 2057 1055 2094 neque
1075 2058 1194 2096 quom
1213 2058 1300 2086 cum
1318 2045 1386 2095 Sp.
1407 2039 1555 2100 (omnis
1580 2045 1622 2083 in
1643 2044 1927 2084 consuetudine

0 2104 11 2189 Ξ
167 2110 369 2149 communi
394 2106 708 2161 (commutata),
734 2112 832 2161 quot
857 2140 866 2150 .
895 2142 902 2149 .
931 2106 980 2164 .:)
1003 2111 1072 2150 sed
1089 2113 1224 2160 potius
1251 2124 1330 2163 quo
1355 2112 1532 2162 pertinet
1555 2111 1616 2150 vel
1641 2110 1716 2149 tale
1741 2110 1836 2158 quid
1861 2121 1924 2148 ex-

165 2178 384 2224 spectamus
409 2169 506 2228 (quo
533 2176 596 2227 pti
616 2193 662 2206 —
681 2173 828 2226 quoni,
854 2178 923 2216 net
947 2171 1038 2215 ante
1060 2173 1282 2230 uet[erum]
1308 2171 1402 2231 om).
1438 2177 1522 2216 Nec
1546 2177 1650 2215 deest
1672 2176 1839 2224 suspicio
1864 2176 1928 2215 hic

165 2241 360 2290 quaedam
383 2241 624 2281 intercidisse
647 2253 732 2280 una
757 2253 846 2280 cum
871 2243 926 2281 eis
950 2254 1051 2292 quae
1075 2240 1103 2293 5
1131 2244 1158 2282 8
1181 2243 1466 2282 desiderantur.

0 2275 8 2343 i
286 2307 324 2356 5,
347 2308 413 2345 17.
445 2306 671 2346 litterarum
699 2319 761 2346 om
786 2319 824 2353 a,
841 2307 914 2346 Fr.
929 2307 1145 2354 Fritzsche,
1169 2308 1255 2357 Sp„
1282 2309 1372 2347 alii:
1397 2310 1439 2347 at
1463 2307 1639 2356 suppleri
1659 2317 1775 2355 posse
1801 2318 1846 2345 ex
1870 2307 1928 2345 eis

0 2362 17 2466 ’ἱ
165 2385 265 2422 quae
289 2374 472 2412 secuntur
496 2372 708 2412 verborum
731 2384 943 2422 neyamus,·
965 2374 1084 2413 immo
1107 2376 1153 2412 ut
1176 2374 1450 2420 commutatio,
1474 2375 1532 2413 ita
1557 2374 1674 2413 etiam
1698 2372 1927 2411 litterarum

167 2439 305 2478 latiore
335 2438 504 2488 quodam
536 2449 655 2477 sensu
688 2438 767 2478 diei
800 2438 965 2478 videtur.
1006 2440 1165 2479 Etenim
1201 2442 1317 2479 etiam
1350 2439 1535 2479 traiectio
1561 2438 1806 2490 syllabarum
1831 2439 1926 2487 quin

0 2465 12 2543 f
168 2504 430 2543 commutatio
456 2504 684 2543 litterarum
710 2505 789 2544 dici
805 2506 934 2554 possit
957 2506 1093 2545 latiore
1117 2517 1244 2551 sensu,
1271 2507 1339 2545 vix
1363 2506 1537 2545 dubium.

290 2571 328 2618 5,
345 2570 411 2608 18.
443 2571 621 2620 patietur
638 2571 882 2609 servavimus
901 2570 968 2619 (cf.
983 2570 1028 2610 X
1040 2568 1136 2623 78):
1161 2574 1258 2611 certe
1276 2583 1398 2621 neque
1415 2571 1523 2622 potis
1549 2572 1610 2610 est
1633 2580 1755 2618 neque
1778 2570 1930 2620 poterit

161 2635 390 2684 probabilia
409 2637 511 2673 sunt.
543 2634 671 2683 Atque
696 2637 868 2675 scrutari
885 2637 1095 2685 passivum
1112 2638 1195 2677 iam
1212 2636 1438 2677 Antonibon
1457 2636 1627 2685 defendit
1644 2637 1808 2684 itemque
1828 2635 1927 2674 Gro-

167 2766 288 2805 altero
313 2767 527 2814 coyitamus
550 2777 598 2806 ao
622 2765 670 2805 de
694 2766 749 2806 eis
767 2768 835 2815 qui
852 2768 1035 2816 ncycm'nt
1058 2766 1343 2821 ἕτυμολογικὴν
1363 2770 1486 2807 artem
1505 2779 1664 2817 eamque
1681 2767 1815 2806 utilem
1834 2778 1927 2805 esse.

289 2833 328 2881 5,
350 2832 416 2870 21.
448 2832 510 2871 De
534 2831 767 2871 traiectione
793 2833 841 2881 cf.
868 2833 923 2872 ed.
950 2833 1109 2882 Bipont.
1136 2829 1412 2888 (tralationem
1430 2832 1623 2882 praetulit
1645 2832 1725 2881 Sp„
1749 2831 1928 2870 similiter

170 2897 369 2942 Grothius,
394 2900 530 2936 neuter
552 2907 699 2936 memor
722 2897 912 2947 Scaliyeri
935 2894 1184 2953 Popmaeve).

291 2964 329 3011 5,
350 2963 418 3001 22.
449 2962 571 3001 Nullo
594 2963 706 3001 modo
730 2963 897 3011 probari
915 2966 1041 3012 potest
1063 2965 1317 3004 Wilmannsii
1341 2965 1443 3003 ratio
1468 2964 1517 3003 de
1538 2964 1650 3002 Varr.
1677 2964 1702 3002 l.
1725 2975 1786 3012 qr.
1806 2975 1849 3011 p.
1866 2963 1926 3002 25

180 3028 407 3077 Woelfflino
425 3028 597 3076 probata
616 3027 753 3076 (Arch.
776 3028 890 3067 VIII
900 3041 944 3078 p.
966 3028 1091 3078 425).·
1116 3032 1187 3069 aut
1211 3029 1473 3080 productione
1492 3031 1564 3067 aut
1582 3029 1843 3079 correptione,
1862 3027 1927 3066 de-

169 3094 291 3144 nique
309 3093 593 3133 vocabulorum
613 3094 901 3144 compositione
922 3096 995 3134 aut
1013 3095 1249 3134 conlisione:
1272 3107 1368 3134 nam
1391 3106 1471 3133 non
1496 3095 1555 3134 bis
1574 3097 1786 3143 quaternae
1804 3095 1930 3132 essent

167 2701 271 2739 thius
298 2695 419 2753 (quod
442 2700 618 2739 vindicat
632 2701 897 2749 Priscianus),
922 2703 1102 2752 patietur
1126 2704 1256 2742 autem
1280 2704 1421 2751 optime
1446 2703 1673 2751 explicatur,
1697 2702 1733 2740 si
1756 2701 1804 2739 de
1829 2700 1928 2739 libro
2011 2738 2017 2745 ,
