2176 3386
883 132 1266 172 mnon'rlozms
1866 132 1955 178 295

193 248 958 299 detinemus-oaoooqitmpotest.
996 246 1953 297 Soakaoereoomninolevionquiadindeae,

196 318 244 357 ut
269 315 386 363 alias,
409 315 455 355 in
476 325 640 355 numero
665 326 799 355 errare
815 315 958 364 potuit,
981 316 1016 354 et
1033 313 1175 365 Lydus
1199 314 1355 354 omnino
1379 312 1636 364 neoleqcrwior
1660 315 1724 354 est.
1764 311 1834 353 An
1857 314 1957 363 forte

195 381 295 431 fuit:
317 378 362 422 iv
385 378 526 435 βιβλίῳ
550 383 713 437 πεμπτῷ
735 375 1026 436 <Πομπηίῳ>9

317 452 417 502 201,
437 451 494 492 20
505 462 585 502 sqq.
625 450 687 501 G'f.
719 450 865 492 Vsencr
888 452 933 491 in
956 450 1202 491 Fleckeiseni
1225 462 1319 491 ann.
1341 449 1464 491 XCV
1484 449 1541 500 (a.
1570 450 1706 500 1867)
1724 462 1768 500 p.
1794 451 1885 491 247
1898 461 1954 499 sq.

197 516 378 560 Ueterum
406 528 551 569 praeca
583 518 678 558 haec
709 518 913 567 inscriptio
946 518 1017 558 etsi
1049 516 1171 558 latine
1193 518 1262 557 vix
1286 517 1418 567 potuit
1445 516 1587 556 melius
1609 516 1724 556 reddi
1746 527 1867 566 quam
1892 511 1955 556 ‘dc

192 583 379 634 formulis
395 580 630 629 verborum’,
656 586 786 624 tamen
810 583 853 623 in
877 583 990 623 libris
1009 583 1082 634 qui
1099 581 1149 622 de
1173 582 1358 622 formulis
1377 580 1588 623 verborum
1606 584 1724 622 erunt
1743 581 1863 631 (181,
1879 582 1954 632 12)

194 649 263 690 oin
283 651 382 690 recte
407 649 461 689 ad
483 649 553 689 hoc
569 650 703 699 potius
726 660 826 699 opus
849 660 969 698 quam
992 648 1047 689 ad
1071 648 1191 688 libros
1214 648 1405 699 quosdam
1422 649 1659 697 posteriores
1681 649 1809 697 ipsius
1826 649 1956 697 operis

194 714 244 755 dc
266 714 291 755 l.
310 715 336 755 1.
354 715 558 755 rut-aeris.
594 715 705 755 Mire
726 726 817 755 vero
834 714 1026 755 Funaioli
1047 714 1108 754 nil
1137 715 1218 754 nisi
1240 715 1407 765 propius
1431 713 1612 764 proxime
1639 714 1831 754 Varronis
1854 714 1954 754 libro

193 779 422 830 adscripsit:
445 792 546 831 quae
569 792 679 822 mera
702 781 891 821 adverbia
913 791 993 820 non
1010 791 1088 830 per
1106 775 1257 820 Varro
1281 780 1338 819 sic
1361 776 1432 819 ait'
1454 790 1484 819 e.
1504 792 1539 829 q.
1558 790 1589 819 s.
1614 779 1832 819 induxisset
1853 779 1952 820 Cha·

194 846 335 886 risius:
357 848 452 886 sunt
473 857 563 886 vero
587 858 688 897 quae
710 849 928 897 sequuntur
951 846 1059 895 apud
1082 846 1197 885 illum
1214 857 1334 895 quam
1351 847 1521 885 maxime
1547 845 1802 885 Varroniano
1820 845 1954 894 (atoue

192 910 468 964 penitissimas
492 923 539 952 ex
561 912 707 952 Plauto
733 912 861 953 Varro
887 913 1005 961 affert
1027 913 1144 951 etiam
1167 912 1213 951 in
1235 910 1415 961 saturis).
1445 909 1552 952 Sanc
1568 911 1689 950 verba
1713 911 1866 951 adiecta
1884 911 1952 951 sed

192 990 287 1017 num
315 974 570 1018 ‘oculissime’
596 976 771 1031 βραχέως
794 975 1039 1030 legendum?
1064 978 1198 1018 aliena
1223 988 1305 1017 essc
1328 988 1355 1016 a
1387 976 1566 1017 Varrone
1588 977 1681 1017 inde
1697 979 1826 1027 patet,
1849 977 1953 1027 quod

190 1043 236 1083 in
251 1043 501 1093 praecedenti
527 1045 695 1094 exmplo
719 1043 969 1096 penitissim0
994 1043 1146 1094 leyitur,
1169 1043 1275 1082 unde
1299 1044 1456 1083 omnino
1480 1043 1526 1082 in
1550 1041 1777 1082 oculissime
1800 1054 1882 1082 non
1906 1043 1953 1083 de

191 1108 376 1149 adverbio
401 1110 660 1159 coqitandum,
693 1110 763 1151 sed
787 1110 834 1150 de
855 1109 1029 1160 perfecto
1053 1120 1100 1149 em
1124 1108 1307 1149 adverbio
1342 1102 1536 1163 (oculitus
1560 1110 1606 1148 ut
1628 1110 1746 1148 antea
1769 1103 1950 1162 penitus)

191 1174 377 1214 derivato.

313 1247 413 1296 202,
432 1247 459 1285 4
473 1257 530 1296 sq.
559 1247 623 1286 De
640 1247 786 1287 lacuna
802 1249 897 1296 post
912 1246 1082 1286 Plautus
1099 1246 1309 1286 statuenda
1326 1246 1416 1285 vide
1434 1245 1488 1285 ad
1506 1239 1695 1285 Mosteu!
1715 1246 1803 1285 102
1821 1244 1952 1295 (quem

190 1318 319 1358 locum
341 1329 390 1358 ne
421 1319 467 1358 in
490 1314 696 1355 Addendis
721 1313 878 1363 quidem
909 1312 1079 1362 respexit
1100 1312 1296 1362 Isindsay,
1330 1312 1399 1351 ubi
1423 1311 1472 1351 de
1495 1311 1666 1351 Plautus
1691 1314 1809 1351 antea
1836 1313 1875 1358 9,
1893 1313 1952 1351 24

190 1385 294 1424 male
317 1384 436 1424 deleto
461 1383 516 1422 ad
539 1374 666 1420 Pers.²¹
691 1380 780 1419 796
802 1379 1052 1428 provocavit:
1075 1379 1240 1427 itemque
1265 1377 1434 1417 Plautus
1460 1389 1533 1416 om.
1554 1376 1775 1426 Funaioh‘).

313 1457 413 1506 202,
433 1456 471 1495 6.
506 1452 567 1503 Of.
585 1452 668 1492 Leo
693 1451 803 1500 apud
820 1450 1048 1490 Kaibcliwm
1068 1449 1173 1490 Gom.
1190 1461 1250 1499 yr.
1275 1450 1327 1498 fr.
1354 1449 1386 1487 I
1396 1461 1441 1498 p.
1465 1449 1541 1488 56:
1563 1447 1668 1488 idem
1692 1448 1797 1498 quod
1814 1449 1950 1488 Herm.

193 1521 352 1561 XXIV
371 1520 428 1571 (a.
450 1518 586 1568 1889)
603 1529 647 1567 p.
671 1518 727 1556 69
738 1528 794 1567 sq.
820 1518 856 1556 et
880 1515 1081 1555 XXXIX
1103 1519 1160 1564 (a.
1188 1514 1323 1563 1904)
1342 1527 1386 1564 p.
1413 1516 1472 1554 76
1496 1514 1630 1554 omnia
1653 1515 1736 1563 fere
1760 1525 1861 1564 quae
1884 1515 1952 1553 illo

191 1587 273 1627 loco
296 1586 506 1626 Diomedes
529 1586 578 1624 de
600 1585 762 1623 saturae
785 1583 941 1621 nomine
964 1581 1112 1620 rettulit
1135 1581 1189 1620 ad
1215 1581 1432 1620 Varronem
1455 1580 1679 1626 revocabat,
1703 1582 1802 1620 recte
1826 1581 1953 1620 Marx

190 1652 320 1693 Lucil.
346 1652 379 1692 I
399 1664 443 1702 p.
470 1651 578 1701 qu.
611 1650 714 1688 hano
746 1648 976 1687 sententiam
1007 1647 1210 1686 restrinxit
1244 1646 1534 1695 Varronemque
1568 1646 1617 1685 ab
1651 1644 1953 1695 Amphitruonis

191 1730 227 1758 v.
255 1719 340 1758 667
366 1709 585 1772 (saturam)
604 1714 825 1764 profectum
847 1713 943 1752 haec
967 1711 1168 1752 addidisse
1192 1713 1351 1752 coniecit
1375 1710 1495 1761 (quae
1511 1712 1643 1760 potuit
1664 1711 1731 1750 ille
1757 1713 1873 1751 etiam
1897 1712 1953 1751 ad

191 1783 418 1824 Satan-ionis
441 1793 582 1822 nomen
606 1779 771 1825 adicere,
803 1779 883 1818 nisi
918 1777 1044 1817 locum
1068 1777 1205 1816 Plauti
1228 1778 1402 1827 ianotum
1426 1775 1650 1826 spectavit):
1684 1778 1782 1816 certe
1805 1776 1952 1817 Leonis

191 1850 383 1889 sententia
415 1848 519 1888 male
552 1846 728 1896 conyrwit
761 1856 850 1884 cwm
883 1844 1063 1892 opinione
1088 1843 1136 1882 de
1162 1839 1477 1892 ‘Quaestionibus
1501 1838 1714 1882 Plautinis’
1740 1843 1953 1882 admodum

184 1914 397 1965 probabili,
422 1925 469 1953 a
492 1924 572 1963 qua
594 1922 668 1951 nos
690 1912 854 1960 itemque
877 1908 1070 1948 Funaioh’
1104 1908 1216 1948 libris
1237 1909 1508 1958 yrammaticis
1531 1919 1628 1958 quos
1651 1920 1835 1948 vocamus
1858 1909 1953 1949 haec

189 1982 414 2031 fraymenta
447 1978 703 2019 adiuncoirrms
736 1977 881 2015 omissa
906 1987 933 2014 a
960 1974 1224 2015 Wibmawnsio
1249 1986 1338 2014 oum
1363 1974 1455 2013 aliis
1481 1969 1788 2024 ‘ylossematicis’
1814 1975 1952 2026 qualia

189 2057 261 2086 nos
281 2057 431 2096 quoquo
456 2044 699 2084 exclusimus.
734 2041 911 2082 Geterwm
923 2040 1016 2079 Keil
1039 2041 1159 2080 verba
1184 2039 1235 2079 ad
1259 2040 1357 2079 haec
1384 2069 1392 2078 .
1420 2069 1427 2077 .
1455 2069 1463 2077 .
1490 2051 1617 2091 grana
1642 2051 1669 2079 a
1689 2040 1952 2080 Varronianis

190 2112 318 2152 verbis
334 2111 476 2161 procul
499 2109 623 2153 habet,
649 2109 716 2147 vix
739 2109 848 2147 recte.

313 2183 412 2231 202,
436 2183 489 2221 12
503 2192 585 2231 sqq.
615 2179 855 2219 Dubitanter
879 2178 948 2216 hoc
971 2178 1247 2227 fraymentwm,
1271 2177 1375 2227 quod
1401 2177 1627 2217 Wilmamns
1644 2178 1730 2217 sine
1754 2178 1838 2216 ulla
1855 2189 1952 2227 pro-

191 2247 389 2288 babilitate
411 2246 727 2295 Disciplinarum
759 2244 858 2283 libro
883 2243 914 2281 I
933 2243 1136 2288 tribuebat,
1169 2243 1230 2281 his
1264 2242 1376 2281 libris
1408 2241 1696 2282 vindicavimus
1722 2263 1779 2270 -—
1804 2242 1852 2282 de
1875 2255 1951 2293 quo

191 2315 308 2354 etiam
326 2312 517 2352 Funaioli
541 2311 732 2360 coqitabat
756 2331 826 2356 —,
850 2310 946 2359 quia
970 2309 1210 2347 contrariam
1235 2319 1323 2347 cnm
1347 2309 1540 2358 sequentis
1563 2308 1776 2357 fraymenti
1801 2312 1951 2349 senten»

190 2381 299 2426 tiam,
317 2378 420 2429 quod
437 2378 541 2418 idem
556 2377 839 2427 qrammaticus
857 2375 987 2414 eodem
1004 2377 1049 2413 ut
1065 2374 1219 2413 videtur
1230 2376 1386 2414 auctore
1402 2374 1585 2419 servavit,
1602 2384 1682 2413 non
1699 2374 1952 2424 improbabile

190 2447 321 2485 visum
345 2447 400 2484 est
422 2444 625 2492 scriptioni
648 2441 928 2482 vnidioandam
951 2451 1032 2480 esse
1052 2451 1172 2488 quam
1190 2442 1289 2479 certo
1307 2439 1468 2479 consitio
1485 2440 1679 2489 similique
1697 2439 1885 2479 librorum
1904 2442 1952 2480 de

192 2511 217 2550 l.
235 2510 261 2549 1.
289 2509 408 2549 VIII
422 2512 456 2548 et
473 2509 545 2548 IX
561 2509 676 2548 alteri
693 2508 917 2557 omosuisse
942 2506 1159 2545 Varronem
1181 2516 1312 2545 onmes
1330 2517 1419 2545 cum
1437 2505 1645 2544 Ritschebio
1668 2506 1950 2545 intellexerunt.

190 2575 320 2615 Simul
343 2586 433 2614 vero
465 2575 539 2614 hac
561 2574 713 2614 ratione
745 2572 856 2613 licuit
886 2573 956 2611 hos
989 2572 1090 2611 locos
1113 2571 1186 2611 sub
1210 2582 1290 2610 uno
1315 2573 1519 2619 conspeetu
1544 2582 1703 2620 ponere,
1738 2573 1809 2611 etsi
1841 2572 1950 2611 nullo

191 2641 306 2681 modo
331 2640 544 2689 adiungere
568 2640 677 2679 licuit
691 2641 946 2688 praeceptum
965 2638 1120 2687 utrique
1138 2638 1380 2676 contrarium
1403 2637 1617 2686 fraymenti
1638 2638 1734 2676 121.
1773 2636 1950 2678 Getcrwm

191 2706 242 2746 de
265 2706 335 2744 hoc
359 2705 457 2745 libro
483 2708 518 2745 et
541 2705 590 2744 de
611 2716 653 2744 eo
678 2705 746 2754 qui
779 2705 835 2744 cst
858 2704 906 2742 de
929 2703 1095 2742 utilitate
1119 2703 1309 2742 sermonis
1332 2702 1567 2751 conferenda
1591 2705 1685 2741 swnt
1707 2713 1807 2752 quae
1834 2702 1951 2743 Goetae
1998 2743 2004 2751 ,

193 2768 296 2811 ‘Zur
329 2771 577 2820 Wdrdiqimq
607 2771 678 2810 der
698 2781 864 2820 gramm.
889 2767 1076 2808 Arbeitcn
1109 2763 1272 2807 Varros’
1294 2780 1336 2817 p.
1361 2769 1422 2807 22
1433 2779 1488 2816 sq.
1515 2768 1699 2816 exposuit.
1726 2789 1783 2795 —-
1809 2769 1863 2807 In
1888 2780 1950 2809 ex·

192 2839 326 2876 tremis
355 2837 483 2876 verbis
507 2836 603 2887 quia
626 2847 706 2876 non
734 2835 938 2880 Varronis,
959 2835 1029 2874 sed
1053 2834 1175 2873 Plinii
1201 2845 1281 2873 esse
1306 2845 1351 2872 en
1376 2835 1432 2872 eis
1457 2844 1648 2882 apparere
1672 2834 1826 2872 videtur
1850 2846 1950 2882 quae

191 2902 259 2952 Sp.
277 2904 409 2952 praef.
427 2914 471 2952 p.
497 2902 680 2942 LXVII
700 2902 884 2951 exposuit.

316 2975 414 3024 203,
434 2974 472 3013 5.
507 2973 567 3023 Of.
594 2973 743 3013 Ritschl
769 2972 907 3022 opusc.
933 2971 1018 3010 III
1029 2983 1072 3020 p.
1099 2972 1187 3010 463
1199 2982 1254 3020 sq.
1281 2971 1371 3010 382
1382 2981 1437 3019 sq.

317 3046 414 3095 203,
437 3046 459 3084 7
474 3056 528 3094 sq.
564 3044 761 3085 Ciceronis
786 3044 891 3083 locus
915 3044 951 3083 si
973 3045 1072 3082 recte
1095 3042 1281 3081 tribuitur
1313 3041 1501 3087 Varroni,
1524 3042 1597 3080 hac
1620 3052 1769 3090 quoquc
1793 3053 1834 3080 re
1858 3042 1947 3079 item
