2176 3386
872 169 1254 208 ADNOTATIONES
1853 170 1940 214 291

183 286 338 329 scilieet
362 286 440 326 erit
473 284 673 337 particula
697 297 745 324 ex
780 283 852 324 illa
877 283 1115 324 decenum-ia
1141 283 1281 324 Canai.
1321 283 1459 334 Neque
1483 284 1685 324 vicenario.
1709 294 1831 334 neque
1855 296 1943 324 een-

186 352 345 394 ton-ri·
368 363 456 391 cum
488 352 587 401 ferri
613 352 753 400 possit,
786 350 927 390 melius
959 351 1126 399 fortasse
1149 352 1358 398 utumque
1381 349 1560 389 secludas
1594 351 1794 399 tamquam
1818 350 1944 399 inepte

181 418 360 459 udaeam
385 428 504 467 quam
536 417 769 456 mutationes
802 415 994 455 mules:
1029 418 1127 455 certe
1159 415 1259 455 nihil
1289 414 1537 456 desideratur
1560 417 1596 455 si
1629 415 1755 465 leqas:
1789 428 1836 455 ex
1868 415 1944 456 illa

184 482 357 524 formula
381 483 658 535 analogiarum
685 481 733 521 de
758 494 840 532 qua
863 493 986 532 supra
1010 479 1104 520 dixi.

298 554 392 595 ibid.
440 553 500 599 Of.
532 553 623 593 Liv-
656 552 867 592 XXVIII
898 554 968 598 24,
999 553 1054 591 13
1093 547 1154 606 (O.
1193 551 1358 592 Albium
1397 551 1589 592 Calenum
1627 555 1668 592 et
1706 551 1747 592 O.
1779 552 1942 592 Atrium

179 614 414 674 Umbrum),
452 620 519 660 ubi
549 631 637 659 cum
661 619 821 659 Schutze
847 631 891 668 Ρ.
917 619 1005 658 ,269
1018 629 1072 667 sq.
1111 618 1158 658 de
1194 618 1404 657 annalium
1439 619 1640 667 scriptoris
1674 619 1764 658 lusu
1797 619 1941 669 coyitet,

178 685 346 737 mleoit
368 697 469 735 quae
501 697 546 725 ece
574 685 650 725 Cic.
676 684 815 724 Scaur.
841 685 900 723 30
926 683 1034 733 (own
1057 684 1172 723 schot.
1198 683 1329 733 Bou).
1378 684 1427 724 de
1451 683 1529 723 div.
1555 683 1614 723 II
1634 685 1702 723 46.
1738 684 1827 725 Tac.
1852 685 1940 724 hist.

179 751 253 793 IV
277 752 333 792 53
356 753 520 802 itemque
546 763 591 791 ex
614 750 932 800 &rescriptionibus
955 749 1191 800 quibusdam
1215 749 1436 789 didicimus.

303 824 401 873 183,
423 824 490 863 14.
521 822 746 862 diiunctum
771 833 859 862 cum
883 821 986 871 wey.
1008 820 1132 861 Groth
1156 820 1238 860 coll.
1267 820 1436 872 Georqes
1460 833 1491 861 s.
1517 821 1699 874 deiungo.

300 889 398 939 183,
419 890 487 930 21.
522 888 584 938 Of.
601 888 739 929 Herm.
758 886 932 928 Schmidt
954 887 1087 926 Doctr.
1115 889 1224 936 temp.
1253 899 1379 937 expos.
1403 887 1536 927 histor.
1562 887 1620 926 II
1630 899 1675 937 p.
1698 888 1764 926 19.

304 955 400 1006 183,
421 956 489 996 23.
521 954 786 1007 praesagiunt
808 953 943 1003 Sciop:
968 955 1010 993 at
1034 953 1082 1002 cf.
1111 952 1243 992 Christ
1265 953 1404 993 Philet.
1426 953 1542 992 XVI
1553 965 1598 1003 p.
1625 953 1723 993 453.

299 1022 397 1071 184,
418 1022 513 1070 2sq.
543 1020 683 1060 infecti
709 1022 756 1059 ut
779 1020 870 1073 lego
896 1015 971 1072 [et]
1000 1021 1035 1058 et
1064 1019 1232 1070 perfecti
1255 1021 1304 1058 ut
1334 1018 1416 1071 legi
1442 1014 1522 1071 [et]
1540 1017 1608 1068 Sp.
1627 1019 1864 1059 dubitanter:
1898 1022 1942 1060 at

176 1088 225 1137 cf.
250 1085 322 1126 IX
344 1088 412 1127 96.
441 1089 524 1126 101
546 1085 694 1136 (Mue).

301 1153 398 1203 184,
421 1153 487 1192 16.
519 1154 555 1192 si
580 1164 670 1192 cum
698 1150 840 1198 Gamat,
856 1153 1017 1201 praeter
1039 1161 1134 1191 rem.

298 1218 397 1268 184,
418 1219 473 1258 18
486 1229 566 1268 sqq.
598 1217 648 1257 ab
673 1219 795 1267 recto,
820 1229 911 1256 cum
934 1216 979 1256 in
1003 1216 1039 1256 d.
1066 1229 1101 1256 o.
1121 1216 1157 1255 d.
1184 1228 1216 1255 c.
1244 1218 1279 1255 et
1301 1217 1400 1256 recti
1425 1228 1515 1255 cum
1541 1216 1747 1256 confluunt
1770 1217 1813 1256 in
1839 1230 1873 1257 ο.
1901 1231 1938 1257 u.

298 1350 396 1398 185,
416 1350 454 1389 9.
486 1351 534 1389 ut
558 1343 658 1403 (pro
681 1344 749 1403 ui)
775 1361 918 1400 prosus
943 1350 985 1388 et
1007 1360 1122 1388 rosus
1150 1346 1291 1394 canat,
1316 1349 1363 1386 ut
1386 1358 1475 1387 cvm
1499 1347 1635 1387 Laeto.

300 1415 397 1465 185,
420 1417 487 1454 11.
520 1411 609 1468 [ab]
634 1416 810 1466 utraque
838 1414 989 1462 Ganat;
1013 1414 1064 1454 ab
1088 1416 1259 1464 utroque
1284 1409 1353 1462 Sp.

298 1481 395 1532 185,
416 1482 469 1520 21
485 1492 541 1530 sq.
571 1480 774 1521 Pburatem
798 1479 948 1520 Martes
967 1481 1177 1520 obscurare
1194 1479 1406 1525 noluimus,
1425 1491 1514 1518 cwm
1532 1481 1695 1528 coyitari
1712 1482 1841 1529 possit
1857 1492 1939 1519 non

174 1548 307 1586 minus
339 1557 459 1596 quam
492 1545 607 1587 Ioves
624 1558 712 1590 ,seu
744 1545 970 1597 Iuppiteres
1005 1546 1115 1595 apud
1146 1547 1279 1595 ipsum
1306 1545 1523 1584 Varronem
1555 1548 1629 1585 sat.
1648 1546 1759 1585 Men.
1788 1545 1875 1586 582
1885 1546 1936 1585 B.

175 1606 297 1665 (adde
322 1611 443 1651 VIII
464 1614 520 1652 74
547 1615 581 1651 et
597 1612 727 1652 Haut.
750 1611 839 1652 Cas.
861 1613 946 1651 334
972 1611 1138 1651 humani
1162 1605 1297 1665 Ioves)
1331 1610 1526 1660 latiusque
1551 1612 1732 1660 patentes
1764 1611 1938 1651 Iunones

174 1676 350 1718 Veneres
369 1680 406 1718 et
421 1679 509 1718 sim.
529 1679 646 1718 etiam
664 1677 814 1718 Martes
834 1678 955 1717 dictos
974 1688 1065 1723 esse,
1085 1677 1321 1726 praesertim
1339 1688 1429 1716 cum
1447 1678 1564 1716 etiam
1585 1678 1683 1723 188,
1699 1678 1766 1717 18.
1795 1678 1893 1724 189,
1910 1680 1934 1716 1

168 1743 347 1792 pluralis
369 1745 573 1784 nominum
589 1745 846 1794 propriorum
870 1743 1136 1792 defendendus
1159 1743 1221 1782 sit.
1547 1763 1554 1769 -

300 1814 399 1864 185,
419 1815 487 1853 24.
519 1816 654 1865 aptius
675 1814 799 1854 Groth
825 1809 1011 1869 (fortasse
1036 1825 1123 1853 cwm
1146 1813 1307 1860 Canale,
1331 1815 1412 1853 nisi
1435 1815 1472 1853 is
1496 1814 1633 1867 aptius
1654 1814 1799 1854 addere
1814 1815 1937 1854 voluit

174 1880 414 1920 coniecturae
438 1874 656 1934 apertius):
679 1879 747 1919 sed
771 1881 820 1929 cf.
849 1881 948 1926 186,
969 1882 1007 1926 1,
1030 1879 1136 1919 unde
1159 1891 1240 1918 non
1262 1880 1390 1930 mayis
1407 1880 1455 1919 de
1474 1879 1696 1930 simplicius
1718 1880 1776 1920 vet
1799 1881 1936 1931 ampla

175 1945 434 1995 coqitandum.

295 2017 472 2067 185‚28.
511 2013 640 2070 ea[m]
668 2011 766 2071 (scit.
788 2011 988 2070 oratione)
1017 2016 1156 2057 (tanat.
1197 2017 1273 2057 Vix
1290 2019 1432 2057 rectius
1444 2018 1544 2056 Mue
1563 2018 1710 2068 aliique
1728 2018 1775 2058 de
1799 2018 1848 2058 de
1866 2018 1932 2057 lit-

173 2083 271 2123 teris
292 2077 545 2137 (ostendunt)
558 2095 635 2132 per
653 2084 956 2133 dittoqraphiam
973 2083 1156 2122 stabilitis
1175 2083 1417 2130 dubitarunt,
1436 2085 1507 2123 etsi
1525 2084 1725 2123 obscurior
1744 2087 1801 2123 est
1816 2083 1934 2123 locus.

175 2147 285 2198 Quod
319 2150 450 2188 variat
477 2150 820 2198 praepositionem,
852 2149 1077 2199 siqnificare
1101 2149 1255 2188 videtur
1281 2149 1498 2188 Varronem
1522 2151 1690 2199 coyitare
1714 2149 1762 2188 de
1786 2149 1934 2199 duplici

173 2214 393 2253 litterarum
411 2214 575 2260 notione,
594 2214 737 2254 scilieet
755 2215 940 2254 elementa
959 2209 1167 2268 (στοιχεῖα)
1179 2216 1348 2264 profecti
1366 2215 1413 2255 de
1431 2216 1586 2264 scriptis
1606 2214 1728 2264 (velut
1739 2214 1932 2264 Homero)

173 2278 307 2319 docent
331 2280 569 2319 litteratores.
605 2278 782 2319 Ceterum
805 2281 895 2330 ipsa
920 2281 1126 2319 verborum
1149 2280 1321 2328 repetitio
1339 2281 1486 2330 probat
1508 2280 1602 2320 olim
1625 2280 1851 2332 proficisci
1882 2280 1931 2319 de

174 2344 199 2383 1.
227 2351 262 2384 o.
289 2346 476 2395 scriptum
499 2346 623 2394 fuisse
647 2340 714 2399 (ιΕΞ
739 2346 1020 2398 gramatici
1044 2345 1093 2384 de
1117 2345 1144 2384 1.
1171 2339 1237 2399 o.).

295 2416 392 2466 186,
414 2417 450 2455 7.
483 2429 604 2468 quam
624 2429 671 2456 ex
689 2417 972 2469 singularibus,
991 2413 1096 2470 <ex>
1114 2417 1387 2458 multitudinis
1410 2417 1539 2458 Canal
1558 2412 1613 2472 (et
1636 2420 1756 2457 antea
1781 2417 1931 2470 fingen-

174 2481 234 2522 dis
259 2481 470 2522 verborum
504 2483 644 2522 forma.
685 2478 875 2536 facilius).
916 2483 1015 2523 Mox
1048 2486 1161 2534 traps
1191 2482 1294 2522 Roth
1319 2483 1458 2523 Philet.
1487 2484 1628 2523 XVII
1645 2496 1689 2533 p.
1719 2485 1805 2523 176
1844 2495 1932 2523 cum

173 2547 291 2587 Mue:
316 2549 364 2596 cf.
391 2549 525 2587 testim.

299 2613 394 2663 186,
418 2614 484 2652 14.
520 2612 580 2662 Of.
599 2614 851 2665 Krmnbieqel
868 2627 910 2663 p.
935 2614 1001 2653 53.

296 2679 394 2727 186,
415 2679 482 2717 25.
514 2678 625 2720 usuis
650 2681 829 2730 expertes
847 2691 926 2729 pro
951 2679 1120 2732 dispersi
1140 2680 1240 2720 Boot
1264 2681 1289 2719 l.
1315 2693 1344 2720 s.
1365 2693 1396 2720 s.
1414 2693 1457 2730 p.
1482 2682 1581 2726 412,
1605 2693 1684 2720 non
1708 2681 1933 2730 intellegens

97 2783 99 2785 .
173 2744 332 2783 stoicam
356 2744 574 2793 opinionem
598 2745 646 2784 de
668 2746 860 2784 societatis
882 2745 1081 2785 humanae
1103 2747 1336 2795 primordiis
1361 2758 1479 2795 quam
1505 2747 1684 2796 caprimit
1713 2746 1857 2785 Varro:
1882 2748 1929 2795 cf.
2002 2742 2007 2749 '

176 2808 254 2849 Ge'c.
285 2810 442 2849 de-inv.
467 2809 497 2848 I
517 2821 548 2850 c.
575 2810 606 2849 2
639 2805 760 2864 (inter
792 2812 876 2851 alia
900 2811 967 2863 qui
1004 2810 1203 2862 dispersos
1237 2811 1416 2851 homines
1451 2812 1493 2851 in
1528 2813 1636 2864 agris
1662 2842 1671 2851 .
1699 2842 1706 2850 .
1733 2841 1742 2851 .
1768 2814 1932 2862 propter

177 2875 374 2914 rationem
401 2877 442 2914 et
466 2876 687 2915 orationem
707 2875 926 2917 studiosius
952 2876 1160 2917 audientes
1186 2890 1232 2916 ex
1257 2878 1352 2916 feris
1377 2879 1418 2916 et
1442 2877 1680 2916 immanibus
1706 2878 1823 2916 mites
1841 2877 1931 2916 red*

174 2938 278 2979 didit
302 2941 343 2979 et
366 2938 614 2992 mansuetos)
640 2943 676 2980 et
698 2954 733 2981 v.
759 2943 894 2982 testim.

296 3012 394 3061 187,
416 3014 453 3051 1.
484 3006 604 3066 (non)
628 3013 780 3053 multae
805 3010 1098 3065 (offensiones)
1122 3013 1188 3063 Sp.
1220 3013 1348 3053 multa
1373 3014 1609 3053 inconcinna
1637 3013 1776 3053 Christ.

296 3077 394 3126 187,
414 3077 454 3117 5.
484 3089 598 3117 casus
622 3075 781 3130 <fi>nis
805 3078 1033 3118 littoramm
1062 3078 1200 3119 Ganaz.

1576 3146 1643 3181 19⁸
