2176 3386
277 388 321 420 76

276 601 318 633 77

265 1027 307 1060 78

275 1527 317 1559 79

275 1883 320 1915 80

275 2239 318 2270 81

349 127 433 169 190
974 128 1038 163 DE
1063 128 1247 164 LINGVA
1270 129 1452 165 LATINA

346 236 435 292 dae,
468 236 584 291 quod
614 236 845 291 pleraeque
876 236 1147 280 definitiones
1177 251 1222 279 re
1252 237 1475 294 incognita
1505 241 1683 294 propter
1714 253 1922 282 summam
1953 239 2075 283 brevi

346 309 480 348 tatem
523 321 609 348 non
653 307 779 349 facile
822 307 1158 363 perspiciuntur,
1207 308 1292 350 nisi
1335 308 1595 351 articulatim
1646 313 1747 352 sunt
1789 310 2093 367 explicata<e>.

348 392 479 432 quare
510 377 648 434 magis
680 379 914 433 apparebit,
951 378 988 421 si
1019 378 1101 421 erit
1131 375 1276 434 aperte
1308 379 1360 421 de
1391 379 1573 436 sing-ulis
1604 380 1812 437 partibus,
1849 381 1952 435 quid
1983 381 2094 424 dica-

345 451 418 489 tur
453 448 650 504 verbum,
692 449 796 504 quid
834 449 1071 492 similitudo
1109 449 1246 505 verbi,
1287 450 1391 505 quid
1428 450 1676 506 declinatio,
1716 451 1820 506 quid
1855 451 2092 494 similitudo

346 519 643 562 declinationis
680 535 767 562 non
797 523 1065 577 repugnante
1095 521 1404 563 consuetudine
1435 521 1727 578 co<m>muni,
1767 523 1870 577 quid
1909 537 1962 564 ex
1994 537 2094 578 qua·
2129 540 2146 568 s

349 590 446 632 dam
478 593 608 645 parte.
670 592 849 634 verbum
882 592 977 634 dico
1009 592 1216 634 orationis
1249 581 1506 649 [vocabulis]
1536 595 1719 648 partem,
1760 607 1867 648 quae
1899 593 1957 636 sit
1986 593 2094 636 indi-

345 662 437 704 visa
462 664 504 704 et
529 663 718 705 minima.
770 664 806 704 si
831 663 1159 705 declinationem
1189 664 1430 706 naturalem
1461 663 1629 719 habeat,
1661 664 1883 719 simile[m]
1915 664 2090 708 verbum

346 734 476 776 verbo
508 736 601 776 tum
635 734 878 790 quo[nia]m
910 737 953 776 et
982 732 1111 791 re[m]
1146 749 1274 789 quam
1307 735 1522 791 significat
1554 737 1596 777 et
1627 734 1815 791 voce[m]
1847 749 1932 790 qua
1962 736 2094 792 signi-

347 805 447 847 ficat
478 805 583 861 e[s]t
620 806 665 847 in
695 806 857 861 figurae
888 805 1075 848 transitu
1107 805 1402 849 declinationis
1434 806 1579 861 parile.
1630 806 1857 849 declinatio
1889 809 1965 859 est,
1997 821 2094 849 cum

347 891 398 919 ex
429 877 558 919 verbo
591 877 636 918 in
667 877 846 919 verbum
879 878 952 919 aut
984 892 1036 918 ex
1066 877 1187 919 verbi
1220 877 1476 932 discrimine,
1511 880 1561 920 ut
1591 879 1780 920 transeat
1809 892 1948 932 mens,
1977 877 2094 920 vocis
2113 896 2150 923 ιο

347 947 627 990 commutatio
666 948 716 988 fit
753 947 910 1002 aliqua.
974 947 1210 990 similitudo
1242 948 1559 1005 declinationis,
1602 959 1698 991 cum
1734 948 1837 991 item
1869 963 1920 991 ex
1950 949 2094 1004 aliqua

347 1019 486 1075 figura
516 1019 561 1060 in
593 1019 775 1075 figuram
808 1019 975 1072 transit,
1006 1021 1055 1061 ut
1086 1019 1130 1060 id
1160 1020 1328 1074 transit,
1360 1034 1454 1062 cum
1491 1034 1577 1074 quo
1609 1020 1837 1062 confertur.
1880 1020 2093 1062 adiectum

346 1092 411 1132 est
443 1089 546 1132 ‘non
577 1092 845 1146 repugnante
878 1087 1187 1132 consuetudine
1218 1090 1507 1146 co<m>muni'
1540 1090 1590 1145 (ἕ
1611 1090 1706 1146 74),
1738 1091 1853 1145 quod
1885 1091 2092 1145 quaedam

343 1161 475 1203 verba
517 1163 666 1203 contra
702 1175 826 1203 usum
858 1163 1046 1203 veterem
1084 1161 1290 1204 inclinata
1322 1161 1532 1217 patietur,
1574 1164 1624 1204 ut
1659 1176 1786 1216 passa
1814 1161 2093 1204 Hortensium

345 1232 485 1275 dicere
522 1247 600 1288 pro
647 1232 746 1288 [hac
783 1232 838 1288 si]
884 1233 1068 1275 cervices
1107 1233 1268 1288 cervix,
1313 1233 1520 1288 quaedam
1558 1247 1664 1287 non,
1706 1235 1755 1275 ut
1792 1233 1829 1275 si
1866 1232 1979 1275 dicas
2014 1247 2092 1288 pro
2113 1250 2147 1278 ιι

343 1304 488 1346 fauces
528 1304 641 1346 faux.
705 1303 780 1346 ubi
821 1303 994 1345 additur
1031 1303 1098 1345 ‘ex
1143 1304 1326 1359 quadam
1364 1304 1500 1359 parte'
1540 1303 1590 1359 (ἕ
1616 1304 1712 1359 74),
1756 1304 1970 1361 significat
2006 1317 2095 1346 non

344 1389 436 1417 esse
462 1375 508 1416 in
533 1374 840 1419 consuetudine
866 1375 911 1416 in
937 1374 1005 1416 his
1030 1375 1172 1418 verbis
1198 1376 1338 1418 omnis
1364 1375 1510 1430 partis,
1541 1377 1591 1417 ut
1617 1375 1876 1418 declinatum
1902 1374 2093 1431 am[ab]o

345 1447 458 1501 vivo,
491 1461 611 1488 amor
642 1447 774 1488 vivor.

465 1516 504 1560 5.
547 1518 650 1572 quid
678 1517 895 1560 videretur
926 1518 1125 1574 analogia
1155 1518 1200 1560 in
1226 1518 1421 1560 oratione
1447 1519 1489 1559 et
1515 1532 1619 1572 quas
1650 1517 1829 1559 haberet
1859 1517 2020 1573 species
2051 1519 2095 1559 et

346 1603 454 1643 quae
486 1588 537 1631 de
569 1588 636 1630 his
675 1589 893 1643 sequenda
926 1589 1157 1644 videretur,
1200 1590 1250 1630 ut
1286 1589 1405 1630 brevi
1444 1588 1568 1643 potui
1599 1588 1846 1644 informavi,
1888 1602 2013 1643 nunc,
2049 1587 2095 1630 in
2113 1605 2149 1633 so

347 1660 504 1714 quibus
534 1673 623 1701 non
655 1660 808 1702 debeat
839 1674 930 1702 esse
963 1674 1011 1701 ac
1041 1659 1221 1715 proinde
1252 1673 1302 1702 ac
1334 1658 1486 1701 debeat
1518 1659 1653 1702 soleat
1685 1659 1905 1715 qu<a>eri,
1943 1658 2093 1701 dicam.

346 1745 395 1772 ea
425 1730 515 1772 fere
547 1733 648 1773 sunt
689 1733 896 1786 quattuor
931 1745 1104 1787 genera:
1146 1730 1333 1785 primum
1366 1730 1412 1772 in
1441 1730 1486 1772 id
1523 1745 1658 1787 genus
1689 1730 1830 1773 verbis
1869 1745 1977 1785 quae
2007 1744 2094 1772 non

347 1801 615 1844 declinantur
647 1801 844 1858 analogia
880 1816 967 1844 non
1000 1801 1125 1843 debet
1157 1801 1372 1857 qu<a>eri,
1409 1804 1458 1843 ut
1489 1802 1533 1843 in
1563 1801 1631 1843 his
1662 1816 1846 1856 nequam
1878 1815 1980 1843 mox
2010 1801 2093 1843 viX.

347 1873 397 1915 de
429 1872 496 1915 his
528 1872 667 1929 magis
700 1873 744 1914 in
776 1872 861 1915 alio
895 1887 1022 1928 quam
1055 1874 1099 1915 in
1130 1873 1215 1915 alio
1248 1875 1414 1915 erratur
1438 1873 1580 1915 verbo.
1632 1873 1735 1915 dant
1759 1873 1873 1914 enim
1902 1887 1990 1914 non
2020 1872 2092 1914 ha-

346 1944 445 1986 bere
478 1958 600 1985 casus
631 1957 733 1985 mox
765 1946 808 1985 et
837 1944 923 1998 Vix,
953 1958 1137 1999 nequam
1169 1943 1338 1998 habere,
1369 1944 1485 1999 quod
1516 1943 1705 1986 dicamus
1736 1943 1808 1986 hic
1837 1957 2021 1998 nequam
2052 1945 2095 1986 et
2112 1961 2147 1989 π,

345 2015 474 2057 huius
514 2029 699 2069 nequam
741 2016 783 2056 et
822 2016 923 2057 huic
962 2030 1158 2070 nequam.
1220 2029 1316 2057 cum
1353 2015 1468 2057 enim
1505 2015 1685 2057 dicimus
1722 2015 1793 2057 hic
1828 2029 2012 2069 nequam
2049 2017 2092 2057 et

346 2086 474 2128 huius
500 2100 700 2140 nequam,
731 2088 824 2128 tum
849 2086 1038 2129 hominis
1065 2086 1169 2140 eius,
1202 2085 1387 2141 que<m>
1417 2087 1615 2128 volumus
1647 2085 1870 2128 ostendere
1900 2099 1992 2128 esse
2022 2100 2092 2128 ne-

349 2171 490 2212 quam,
522 2156 703 2198 dicimus
735 2171 869 2212 casus,
901 2160 943 2199 et
969 2158 1007 2200 ei
1032 2157 1314 2213 proponimus
1345 2159 1437 2198 tum
1469 2157 1541 2200 hic
1572 2157 1711 2213 [non],
1741 2156 1861 2199 cuius
1891 2159 2090 2211 putamus

346 2228 598 2283 nequitiam.
662 2228 776 2282 quod
807 2229 1065 2271 vocabulum
1101 2228 1263 2271 factum
1300 2230 1349 2270 ut
1386 2242 1438 2270 ex
1474 2242 1562 2270 non
1593 2231 1636 2271 et
1667 2227 1765 2270 volo
1802 2228 1902 2269 nolo
1947 2228 2008 2269 sic
2038 2242 2090 2269 ex

467 2365 510 2397 14
524 2374 573 2407 sq.
603 2363 657 2406 Of.
685 2363 793 2398 VIII
812 2366 858 2399 14
882 2364 1002 2408 ibique
1027 2363 1206 2398 adnotata
1231 2364 1241 2408 ΙΙ
1270 2366 1312 2397 15
1326 2373 1377 2407 sq.
1407 2363 1461 2406 Of.
1486 2362 1567 2397 GL.
1587 2364 1616 2398 I
1635 2365 1765 2407 33,10.
1791 2364 1922 2405 93,18.
1950 2364 2032 2406 549,
2047 2365 2091 2405 6;

350 2410 428 2445 ΤΘ.
448 2421 475 2445 s.
497 2410 587 2445 faux
605 2412 616 2455 ΙΙ
636 2414 680 2445 23
710 2411 764 2454 Of.
793 2412 899 2447 VIII
913 2414 936 2447 9
954 2412 965 2456 ΙΙ
985 2414 1029 2446 25
1052 2410 1107 2454 Of.
1129 2409 1210 2446 GL.
1230 2411 1258 2444 I
1273 2412 1331 2452 53,
1345 2412 1394 2445 24
1420 2412 1463 2454 (c.
1490 2410 1592 2455 add.)
1613 2411 1624 2456 ΙΙ
1644 2413 1688 2444 29
1716 2410 1771 2453 Of.
1795 2409 1875 2445 GL.
1896 2410 1925 2445 Ι
1943 2411 2030 2452 386,
2044 2412 2089 2445 15

347 2458 417 2502 (est
442 2457 542 2492 enim
567 2457 650 2493 volo
684 2458 722 2492 et
746 2458 1017 2503 compositione
1049 2457 1172 2503 prima
1198 2456 1341 2493 decidit
1375 2456 1532 2502 syllaba,
1565 2468 1722 2502 sequens
1753 2467 1829 2491 non
1859 2456 2090 2500 immutatur,

466 2579 486 2610 2
500 2576 576 2612 add
588 2576 706 2622 Sciop.
727 2579 738 2623 ΙΙ
758 2582 778 2612 3
800 2578 927 2622 aperte
946 2577 1022 2612 scil.
1044 2575 1271 2621 explicatum
1292 2577 1479 2620 (apertum
1494 2577 1596 2619 Mue,
1616 2576 1744 2620 aperte
1764 2574 1963 2622 (dictum)
1983 2574 2060 2620 Sp.)
2078 2575 2090 2620 ΙΙ

347 2627 367 2658 6
381 2625 487 2669 parte
501 2623 674 2658 uerbum·
690 2625 790 2660 dico·
816 2626 818 2667 Ι
841 2625 910 2660 secl
922 2624 984 2669 Sp.
1004 2624 1135 2669 (fuitne
1149 2623 1336 2658 uocabulfi
1343 2635 1416 2668 pro
1429 2623 1584 2658 uerbum
1595 2622 1626 2668 .?)
1646 2625 1658 2668 ΙΙ
1679 2626 1698 2657 7
1709 2634 1758 2668 sq.
1781 2634 1840 2658 -eo
1859 2622 2015 2657 minima
2034 2622 2065 2657 si
2082 2623 2087 2668 Ι

346 2683 609 2727 declinatione,
635 2686 654 2720 ὅ
674 2684 768 2719 exis
791 2686 795 2729 1
816 2669 874 2720 del
892 2683 999 2728 Sciop
1022 2685 1026 2728 Ι
1049 2682 1185 2719 simile·
1212 2682 1289 2717 sibu
1313 2683 1402 2718 fibo·
1431 2682 1487 2717 Tfi
1507 2683 1569 2728 fsn‘i
1597 2684 1601 2728 Ι
1623 2694 1661 2717 m
1687 2683 1741 2717 bis
1766 2682 1823 2717 del
1849 2682 1939 2717 Mae
1963 2682 1974 2726 ΙΙ
2000 2684 2020 2715 9
2049 2670 2084 2719 ἒ

345 2760 507 2805 infigura
533 2761 716 2796 etransitu
742 2762 780 2805 (u
799 2773 843 2797 ex
861 2763 904 2804 fi,
921 2761 941 2770 ⁸
966 2760 1099 2795 lineola
1125 2759 1194 2805 del)
1214 2761 1224 2806 ΙΙ
1251 2764 1294 2795 11
1322 2758 1392 2795 ·'cfi
1416 2760 1471 2795 Ite
1504 2761 1516 2805 ΙΙ
1552 2763 1595 2794 14
1620 2759 1820 2794 Inclinata·
1855 2736 1989 2804 patiet²s
2012 2758 2055 2792 ut
2078 2759 2090 2803 u

347 2810 391 2842 15
406 2807 544 2843 dicere·
563 2820 595 2857 p
619 2812 624 2852 ἱ
645 2809 714 2844 secl
727 2808 788 2853 Sp.
810 2809 943 2854 (fuitne
969 2818 1012 2842 ac
1039 2807 1070 2842 si
1089 2818 1161 2852 pro
1186 2809 1229 2842 ut
1255 2807 1287 2842 si
1311 2809 1476 2852 sequenti
1486 2806 1519 2852 .9)
1538 2808 1549 2852 Η
1570 2810 1612 2841 17
1627 2807 1684 2843 del
1696 2808 1792 2842 Laet
1810 2805 1871 2851 (ab
1891 2816 1974 2840 amo
1988 2804 2065 2850 Sp)
2077 2806 2090 2850 ΙΙ

348 2882 390 2913 18
416 2878 502 2913 iuvo
527 2882 561 2914 et
584 2879 690 2914 iuvor
714 2880 808 2915 Laet
832 2890 859 2914 c.
887 2880 935 2914 al.
959 2881 963 2924 Ι
985 2890 1054 2914 an:
1081 2878 1128 2913 ab
1155 2889 1238 2913 amo
1265 2889 1380 2922 amor,
1406 2878 1510 2925 <non
1535 2877 1585 2924 a>
1611 2876 1692 2912 vivo
1717 2876 1888 2922 vimi-,211
1914 2879 1959 2911 20
1978 2864 2090 2922 potiit

344 2926 582 2961 Informauit·
616 2928 788 2971 (eoetrema
811 2927 829 2961 t
853 2927 1042 2970 utriusque
1073 2927 1172 2962 verbi
1203 2927 1338 2961 lineola
1363 2926 1432 2970 del)
1463 2927 1475 2971 ΙΙ
1507 2928 1549 2960 21
1577 2924 1698 2969 queri·
1733 2924 1834 2959 dica·
1866 2924 1878 2969 ΙΙ
1909 2927 1953 2959 27
1979 2933 2052 2971 que
2080 2922 2084 2970 1

346 2973 556 3008 ostendere·
585 2975 629 3009 80:
654 2975 666 3020 ΙΙ
691 2977 736 3009 28
761 2975 804 3009 tfi
829 2973 906 3009 hic·
933 2977 958 3007 ᾗ
984 2973 1087 3008 cuius
1113 2974 1201 3019 (non
1225 2974 1295 3009 secl
1319 2973 1395 3018 Sp.)
1421 2974 1432 3018 ΙΙ
1461 2976 1505 3007 29
1533 2971 1706 3018 [factum]
1732 2973 1775 3006 ut
1798 2972 1854 3007 vel
1877 2972 1921 3006 ut
1945 2969 2088 3006 factum

346 3020 427 3066 Sp:
451 3021 517 3056 ubi
534 3022 795 3067 distinquimus
814 3025 898 3057 ante
916 3022 959 3055 ut
978 3032 1059 3056 cum
1081 3020 1196 3056 Gellio
1215 3021 1421 3066 supplentes
1439 3021 1536 3056 velut
1550 3019 1701 3054 -factum
1720 3018 1935 3066 <detritu>:
1961 3019 2005 3053 ut
