2176 3386
331 124 418 166 260
1012 123 1390 159 ΑΒΝΟΤΑΤΙΟΝΕΒ,

451 238 520 285 54,
542 239 607 276 17.
652 236 711 284 Cf.
738 236 923 275 Immisch
949 234 1058 274 Stud.
1082 235 1194 283 Lips.
1221 235 1338 274 VIII
1350 248 1393 284 p.
1413 237 1502 275 317
1512 247 1567 284 sq.
1594 236 1764 276 suadens
1787 238 2074 286 improbabilia.
2145 221 2149 226 ⁴

455 303 523 350 54,
544 304 611 340 21.
656 302 691 342 si
715 302 749 340 is
777 300 837 340 del
870 301 985 339 etiam
1008 301 1228 339 Mommsen
1253 298 1448 339 ‘Staatsrss
1474 301 1533 339 II
1553 296 1598 340 1³
1614 314 1658 350 p.
1688 303 1742 340 69
1773 302 1894 350 (idem
1917 303 2078 358 utrique

337 379 424 406 cum
441 368 565 406 Laeto
591 370 626 406 et
654 362 937 418 pont<ific>em
963 377 1051 404 eum
1068 363 1162 414 Aug]
1186 365 1290 414 corr)
1298 380 1311 404 .·
1342 368 1410 405 etsi
1439 378 1518 405 non
1548 367 1663 414 facile
1687 367 1833 406 dixeris
1857 369 1960 407 mide
1984 369 2019 407 si
2041 369 2076 408 is

334 433 490 472 illatwm
513 433 582 478 sit.-
607 444 661 471 an
685 434 764 480 fuit
788 432 822 469 si
846 432 880 470 is
907 425 972 484 (Ξ,
997 425 1067 484 iis)
1093 427 1369 482 (imponitur)
1395 425 1494 484 (scil.
1521 427 1680 484 munus)
1696 433 1716 470 ἓ

456 498 524 546 55,
547 498 612 536 10.
659 492 747 548 [ab]
774 509 863 535 aere
891 496 996 546 quod
1024 496 1224 545 stipendia
1248 497 1425 535 facerent
1449 497 1698 546 Krumbieyel
1714 510 1757 545 p.
1787 497 1843 536 55
1868 498 1973 543 adn„
1997 498 2077 546 for-

336 565 437 602 tasse
461 565 566 602 recte.
1429 575 1434 578 ·

454 628 521 677 55,
545 630 610 667 12.
658 623 875 679 libra<le>s
894 627 993 666 Mue
1029 627 1142 672 olim,·
1177 630 1218 665 at
1251 628 1298 675 cf.
1331 627 1384 666 ad
1407 628 1511 666 Fest.
1535 640 1579 676 p.
1607 629 1675 672 98,
1703 630 1727 665 1
1753 630 1789 666 et
1813 627 1980 667 XLIV:
2011 628 2080 667 ubi
2110 654 2115 659 -

336 693 526 732 valebant
542 706 619 742 pro
645 695 759 731 erant
784 693 973 731 Hadrian
996 691 1105 731 Stud.
1134 693 1294 732 Vindob.
1316 692 1403 731 XV
1422 692 1477 740 (a.
1507 691 1639 740 1893)
1658 705 1701 740 p.
1727 693 1825 732 307.
1993 722 1995 724 .
2145 683 2147 686 ‘

457 760 525 808 55,
541 761 607 798 14.
648 759 774 798 Verba
793 759 893 808 stips
914 788 922 795 .
944 788 951 795 .
974 788 981 796 .
1003 769 1143 808 graeco
1158 757 1275 796 verbo
1295 758 1344 796 ab
1364 758 1441 796 alio
1460 758 1640 796 videntur
1659 757 2081 806 additaA.Spen9ebio:

335 826 413 863 nisi
446 826 502 863 sic
535 825 774 863 adnectenda
809 835 897 862 cum
924 819 991 871 Sp.
1019 825 1243 872 coeperunt,
1268 819 1402 874 (nisi)
1427 824 1546 872 stips:
1579 835 1815 871 quamquam
1845 825 1888 862 in
1919 824 1998 862 nisi
2023 831 2080 850 '—

337 890 504 928 fortasse
528 890 740 929 haeremus.

456 963 523 1010 55,
546 963 612 999 17.
648 960 708 1009 Cf.
734 961 956 998 Mommsen
980 959 1089 1007 apud
1114 960 1336 998 Brumsium
1359 959 1472 998 Font.
1498 960 1574 998 iur.
1601 951 1658 997 II
1670 971 1714 1008 p.
1743 960 1807 998 57.

457 1028 525 1076 56,
547 1029 582 1065 2.
615 1039 717 1076 quae
743 1038 822 1063 non
848 1024 1051 1063 accederet
1076 1024 1127 1063 ad
1151 1026 1298 1063 sortem
1326 1024 1463 1063 Canai.

457 1093 525 1140 56,
547 1093 583 1130 5.
615 1091 676 1130 Ne
700 1091 855 1129 mireris
881 1089 931 1128 ab
958 1101 1047 1128 aere
1073 1091 1271 1128 aerarium
1301 1090 1363 1128 hic
1393 1090 1506 1135 addi,
1529 1101 1609 1129 non
1627 1088 1655 1140 5
1676 1091 1773 1135 182,
1800 1091 1977 1138 conferas
2002 1092 2080 1129 test.

457 1165 525 1212 57,
548 1165 614 1201 11.
645 1161 839 1200 turdelice
865 1161 985 1208 (quod
1009 1162 1120 1200 iuccta
1137 1160 1309 1200 turdulis
1329 1163 1546 1200 coniectura
1564 1162 1780 1200 restitutum
1803 1162 1940 1199 retinet
1958 1160 2082 1200 Stein-

336 1229 417 1268 thal
438 1223 483 1267 I²
500 1241 543 1277 p.
565 1227 692 1276 344Ι)
717 1238 797 1265 non
823 1229 913 1265 ausi
938 1238 1074 1265 sumus
1097 1237 1309 1265 removere.-
1331 1239 1426 1265 nam
1450 1227 1551 1275 quod
1567 1229 1661 1274 post
1681 1226 1904 1275 Scioppium
1928 1226 2084 1276 vulgari

337 1296 431 1333 solet
453 1288 686 1347 turdel(l)is,
711 1303 889 1331 veremur
913 1294 956 1330 ut
979 1294 1036 1331 sic
1059 1293 1157 1340 ferri
1174 1292 1309 1339 possit.
1345 1291 1453 1330 Certe
1468 1292 1644 1340 pluralis
1667 1304 1747 1330 non
1770 1293 1902 1330 minus
1926 1292 2086 1341 offendit

332 1363 423 1410 post
446 1359 574 1408 turdo,
608 1359 788 1397 turdario
814 1370 932 1406 quam
966 1359 1009 1396 in
1043 1359 1133 1395 ante
1155 1356 1336 1395 turdario
1361 1358 1562 1404 repetitum
1587 1356 1724 1405 (neque
1759 1357 1860 1395 enim
1891 1352 1933 1394 in
1966 1356 2084 1395 turdo

340 1427 546 1473 quicquam
579 1426 764 1467 mutatur,
798 1423 866 1462 sed
900 1435 924 1460 a
948 1422 1066 1461 turdo
1091 1424 1293 1460 mutantur
1316 1422 1487 1470 reliqua:
1519 1423 1652 1460 onmia
1685 1423 1805 1470 i9itusr
1831 1422 1963 1460 eadem
1986 1422 2085 1460 serie

340 1492 580 1529 continentur
605 1491 668 1528 eui
695 1489 949 1538 praemisisse
972 1488 1087 1526 semel
1119 1489 1163 1525 in
1185 1489 1284 1526 satis
1316 1488 1404 1535 fuit,
1438 1499 1525 1526 cum
1558 1499 1608 1525 ne
1633 1489 1672 1525 et
1705 1488 1859 1536 quidem
1883 1488 2084 1535 repetitum

341 1556 480 1595 habeat
503 1567 576 1603 quo
602 1553 913 1602 commendetur).
956 1552 1201 1602 Quamquam
1226 1552 1410 1602 turdelix,
1443 1552 1647 1591 turdelicis
1671 1553 1774 1591 vocis
1797 1563 1993 1600 nusquam
2016 1563 2085 1591 nec

339 1621 428 1660 vola
451 1633 520 1659 nec
543 1622 758 1668 vestiyium.

460 1693 528 1741 57,
551 1693 615 1731 14.
662 1691 788 1730 Verba
814 1690 900 1729 solu
927 1690 1054 1729 solum
1079 1690 1173 1739 quin
1199 1692 1381 1737 corrupta
1405 1690 1484 1727 sint
1513 1699 1623 1726 nemo
1649 1687 1855 1726 dubitabit:
1889 1688 2086 1736 sequentia

342 1758 378 1796 si
402 1758 640 1805 respicimus,
667 1756 871 1804 probabile
894 1756 1074 1793 videatur
1098 1756 1214 1794 etiam
1237 1756 1281 1792 in
1304 1755 1365 1794 his
1391 1757 1425 1793 et
1441 1755 1618 1802 priscam
1642 1754 1812 1800 formam
1837 1754 1872 1791 et
1893 1752 2086 1791 noviciam

341 1824 565 1862 coniunctas
590 1834 689 1861 esse:
718 1822 822 1859 unde
848 1832 893 1859 ea
919 1833 1036 1868 quam
1061 1820 1282 1859 dubitanter
1306 1820 1481 1859 dedimus
1507 1820 1725 1858 coniectura
1748 1819 1845 1856 nata
1871 1820 1926 1856 est
1954 1811 2085 1870 (belus

342 1890 382 1927 et
406 1888 544 1926 helusa
569 1887 727 1937 antiqui
752 1886 937 1924 dicebant
964 1885 1068 1934 quod
1093 1897 1197 1924 nune
1222 1885 1336 1924 holus
1362 1886 1403 1924 et
1425 1884 1563 1923 holera
1587 1884 1692 1923 Fest.
1711 1883 1830 1922 Pauli
1848 1895 1890 1931 p.
1914 1884 2011 1927 100,
2029 1877 2086 1935 1).

345 1953 455 2002 Quod
471 1954 660 2002 proponit
684 1951 733 1990 ab
759 1951 862 1990 solui
887 1950 1027 1989 solitus
1055 1963 1142 1989 sum
1169 1949 1308 1996 Canai,
1333 1961 1412 1989 non
1435 1950 1547 1988 habet
1571 1960 1644 1997 quo
1669 1948 1960 1987 commendetur.

461 2025 528 2073 58,
552 2027 589 2063 6.
626 2024 797 2062 Lacuna
826 2023 1012 2070 quomodo
1039 2022 1226 2071 emplenda
1250 2023 1429 2061 videatur
1454 2023 1647 2069 exponunt
1669 2020 1926 2059 Reitzenstein
1950 2019 1974 2057 Z.
1999 2030 2030 2058 s.
2055 2030 2086 2057 s.

334 2103 376 2139 p.
404 2091 463 2129 32
488 2091 579 2128 adn.
615 2084 680 2141 (de
704 2089 823 2127 lunae
847 2088 1094 2136 siderumque
1118 2090 1222 2126 motu
1246 2089 1440 2135 noctisque
1474 2088 1639 2134 tempore
1663 2088 1752 2123 ante
1774 2084 1891 2124 solem
1915 2085 2089 2133 diemque

344 2156 550 2194 dicendum
579 2155 702 2203 fuisse
727 2157 762 2193 et
785 2154 917 2191 Iovem
943 2153 1001 2191 vel
1024 2153 1260 2201 Diespitrem
1285 2155 1373 2192 ante
1398 2152 1515 2191 verba
1541 2151 1590 2190 ab
1621 2151 1696 2189 hoc
1720 2150 1792 2190 deo
1817 2161 2087 2189 commemora-

341 2224 423 2259 twm
456 2221 579 2268 fuisse
611 2231 780 2264 sumens,
815 2230 1052 2268 quamquam
1084 2229 1163 2256 non
1190 2230 1357 2266 prorsus
1382 2218 1560 2265 sufficere
1583 2217 1890 2264 supplementum
1914 2215 2088 2254 Reitzen-

340 2287 471 2324 steinii
497 2288 660 2334 apparet
685 2297 730 2323 ex
753 2297 788 2322 v.
817 2286 842 2322 4
870 2286 904 2322 et
927 2285 997 2329 22,
1015 2285 1056 2328 2,
1081 2283 1185 2322 umde
1210 2284 1374 2332 exiyitur
1398 2283 1533 2321 saltem
1558 2281 1607 2320 ab
1634 2282 1724 2320 ortu
1749 2280 1876 2319 Solis
1902 2280 1952 2318 ad
1978 2291 2086 2318 oeca-

344 2363 443 2396 sum‚
468 2363 541 2398 quo
566 2352 761 2399 referatur
787 2349 835 2387 ab
861 2349 936 2387 hoc
961 2343 1054 2401 deo)
1074 2351 1109 2386 et
1119 2349 1435 2397 Krieqshammcr
1451 2360 1495 2395 p.
1512 2348 1568 2385 92
1586 2346 1631 2393 (a
1648 2345 1763 2384 Festo
1782 2345 1901 2383 Pauli
1919 2357 1962 2393 p.
1977 2347 2003 2382 7
2007 2346 2086 2390 4,7

342 2415 556 2465 profectus)
564 2430 576 2454 .·
601 2413 731 2467 <alter
750 2415 880 2462 lunae,
901 2413 1006 2463 quod
1025 2415 1207 2453 movetur
1225 2414 1320 2451 luna
1338 2414 1545 2461 totumque
1565 2411 1729 2460 caelum,
1747 2422 1843 2459 nox3
1861 2410 1963 2448 alter
1981 2410 2087 2458 solis,

346 2481 451 2531 quod
476 2482 658 2520 movetur
683 2481 741 2518 sol
767 2482 974 2529 totumque
1000 2479 1165 2527 eaelum,
1190 2478 1301 2516 dium
1326 2478 1375 2517 ab
1401 2477 1494 2516 Iove
1518 2478 1681 2525 rectore,
1707 2489 1824 2525 quem
1850 2474 1992 2514 Graeci
2010 2474 2088 2514 Δία

348 2547 567 2596 appellant,
593 2559 684 2585 cum
709 2545 758 2583 ab
785 2546 875 2583 ortu
901 2543 951 2582 ad
976 2540 1241 2595 oc>casu<m>
1267 2556 1296 2582 e.
1316 2555 1349 2591 q.
1369 2555 1398 2581 s.

465 2619 533 2667 58,
554 2618 577 2655 6
592 2629 671 2665 sqq.
698 2614 744 2666 (5
764 2615 900 2663 4—7)
928 2626 1006 2654 esse
1032 2618 1207 2663 excerpta
1232 2627 1277 2653 ex
1303 2615 1493 2654 Varronis
1518 2614 1564 2652 de
1589 2613 1884 2661 antiquitatibus
1906 2612 2089 2650 humanis

343 2684 455 2721 tibris
480 2694 688 2721 consensus
712 2682 778 2730 qui
803 2682 904 2719 inter
927 2681 1020 2719 haec
1045 2683 1080 2718 et
1100 2679 1356 2718 Censorinum
1374 2681 1444 2728 24,
1466 2680 1558 2727 3sq.
1583 2678 1782 2717 intercedit
1796 2689 1925 2726 paene
1946 2679 2090 2716 certum

343 2748 492 2795 reddit,·
517 2749 564 2795 cf.
586 2749 688 2786 inter
706 2747 806 2785 alios
823 2746 948 2784 Hahn
973 2746 1020 2784 de
1041 2745 1245 2785 Censorini
1269 2747 1364 2794 font.
1381 2757 1425 2793 p.
1446 2746 1504 2783 40
1514 2755 1615 2792 sqq.-
1639 2743 1740 2791 quod
1763 2743 1950 2781 monitum
1969 2741 2090 2780 volui-

349 2825 437 2852 mus
452 2815 614 2862 propter
636 2812 978 2851 Reitzensteiniuan
995 2823 1038 2859 p.
1065 2812 1124 2849 32
1136 2823 1214 2859 sqq.

465 2886 532 2933 58,
554 2886 591 2923 9.
641 2884 743 2922 Vera
767 2884 803 2922 si
828 2885 883 2922 est
916 2884 1133 2921 coniectura
1161 2881 1322 2920 Canalis
1346 2902 1406 2907 —
1430 2883 1465 2919 et
1496 2880 1648 2918 videtur
1672 2890 1751 2917 esse
1775 2889 1868 2916 vera
1893 2898 1964 2923 -—,
1986 2877 2087 2915 inter

342 2961 384 2988 se
407 2961 486 2988 non
510 2950 742 2989 conveniunt
764 2949 882 2986 verba
906 2948 945 2985 in
968 2960 1046 2996 quo
1071 2948 1191 2985 horae
1210 2948 1253 2985 in
1272 2946 1353 2985 sole
1372 2944 1686 2995 inspiciebantur
1704 2946 1739 2982 et
1756 2943 1861 2992 quod
1882 2942 2086 2981 Cornelius

343 3016 386 3052 in
426 3014 590 3053 basilica
621 3014 795 3052 Aemilia
829 3015 869 3051 et
899 3012 1043 3052 Fulvia
1075 3011 1338 3050 inumbravit:
1370 3023 1465 3049 nam
1497 3010 1738 3049 inumbravit
1769 3009 2006 3055 horoloqium
2042 3017 2088 3046 ex
