2176 3386
811 114 958 152 LIBER
981 114 1015 152 v
1042 118 1231 152 iss—1⁸⁶
1842 115 1897 157 41

137 223 261 284 plici,
296 225 351 269 ab
382 239 434 270 eo
465 225 582 283 quod
614 224 835 270 dimidiam
867 227 1034 282 partem
1064 226 1301 269 retrorsum
1332 224 1567 280 iaciebant,
1601 223 1654 268 ab
1687 224 1900 268 reiciendo

138 296 341 342 ricinium
372 296 547 341 dictum.
608 295 710 340 hinc
742 297 859 353 quod
889 297 1005 341 facta
1035 296 1121 340 duo
1153 296 1368 353 simplicia
1398 296 1539 354 paria,
1572 295 1728 352 parilia
1759 295 1899 352 primo
1929 306 1997 341 133

138 368 268 423 diota,
290 367 332 412 R
349 367 572 413 exclusum
592 370 772 426 propter
795 369 1030 412 levitatem.
1073 367 1409 425 parape[c]chia‚
1428 368 1646 424 clamides,
1671 367 1733 411 sic
1752 366 1901 423 multa,

137 453 301 500 graeca.
362 439 555 496 l<a>ena,
587 440 703 497 quod
734 440 786 484 de
817 439 917 483 lana
946 441 1102 497 multa,
1134 439 1315 484 duarum
1346 440 1476 483 etiam
1508 442 1709 498 togarum
1747 440 1902 495 instar3

103 530 120 558 ι
138 514 190 556 ut
218 511 570 569 antiquissimum
603 511 831 556 mulierum
865 511 1079 568 ricinium,
1111 512 1174 555 sic
1203 511 1287 556 hoc
1318 513 1478 569 duplex
1509 512 1712 556 virorum.

258 582 327 627 31.
368 582 656 628 instrumenta
694 583 855 628 rustica
894 598 1005 640 quae
1044 583 1212 627 serendi
1249 586 1325 627 aut
1362 584 1531 628 colendi
1569 584 1736 628 fructus
1774 598 1902 627 causa
1929 593 1997 629 184

137 642 261 699 facta.
324 654 540 699 sarculum
572 654 627 699 ab
659 655 839 699 serendo
871 670 921 700 ac
952 655 1160 700 sariendo.
1222 656 1334 714 ligo,
1365 656 1482 712 quod
1514 670 1565 699 eo
1596 659 1775 712 propter
1804 655 1901 699 lati-

138 726 331 772 tudinem
365 726 482 783 quod
513 726 593 770 sub
625 730 740 770 terra
770 727 941 771 facilius
973 727 1144 786 legitur.
1199 728 1299 784 pala
1330 743 1356 770 a
1385 728 1628 785 pangendo,
1660 727 1695 771 G
1715 727 1750 771 L
1785 729 1902 784 quod

138 798 233 844 fuit.
294 802 463 843 rutrum
494 800 679 843 ruitrum
712 814 738 842 a
767 800 943 843 ruendo.
1006 802 1215 856 aratrum,
1247 799 1364 856 quod
1395 800 1548 856 †aruit
1578 803 1748 843 terram.
1809 801 1902 843 eius
1930 812 1998 845 135

20 867 22 870 ’
85 888 120 916 ιο
137 871 301 915 ferrum
331 885 491 927 vomer,
523 871 638 927 quod
669 871 808 915 vomit
839 886 889 915 eo
921 871 1019 928 plus
1050 871 1262 928 terra[m].
1313 872 1430 930 dens,
1462 872 1579 928 quod
1604 887 1655 916 eo
1681 872 1903 916 mordetur

138 945 271 1000 terra3
308 957 440 999 supra
470 943 515 986 id
546 943 697 1001 regula
727 958 837 1000 quae
869 946 966 1000 stat,
998 944 1110 988 stiva
1141 944 1195 987 ab
1227 944 1394 1000 stando,
1426 947 1470 988 et
1500 944 1545 988 in
1577 959 1628 987 ea
1658 947 1904 988 transversa

138 1015 290 1073 regula
319 1015 546 1071 manicula,
579 1015 695 1071 quod
719 1030 849 1058 manu
875 1015 1053 1059 bubulci
1080 1018 1262 1060 tenetur.
1308 1017 1384 1073 qui
1410 1017 1534 1072 quasi
1558 1019 1674 1060 temo
1701 1019 1767 1060 est
1791 1017 1905 1059 inter

140 1086 285 1143 boves,
316 1087 425 1130 bura
455 1102 480 1130 a
510 1087 670 1144 bubus3
702 1087 777 1130 alii
807 1087 892 1131 hoc
923 1103 948 1130 a
979 1102 1109 1131 curvo
1141 1088 1361 1145 [c]urvum
1394 1089 1624 1145 appellant.
1687 1089 1767 1132 sub
1800 1089 1902 1145 iugo

140 1158 283 1202 medio
321 1173 492 1215 cavum,
529 1159 646 1215 quod
682 1159 792 1202 bura
829 1162 1020 1203 extrema
1056 1159 1202 1203 addita
1239 1160 1472 1217 oppiletur,
1503 1163 1685 1204 vocatur
1721 1175 1848 1204 coum
1879 1174 1904 1202 a

87 1246 122 1274 ιι
142 1244 259 1275 cavo.
309 1231 458 1289 iugum
490 1234 534 1274 et
563 1231 804 1274 iumentum
832 1231 885 1274 ab
911 1232 1073 1275 iunctu.
1122 1232 1280 1288 irpices
1308 1232 1459 1290 regula
1483 1233 1779 1289 compluribus
1805 1233 1903 1276 den·
1931 1242 2000 1275 186

139 1302 270 1358 tibus,
301 1317 430 1359 quam
463 1303 567 1346 item
598 1305 649 1346 ut
678 1303 918 1359 plaustrum
951 1303 1084 1347 boves
1110 1303 1301 1360 trahunt,
1332 1307 1382 1347 ut
1406 1307 1560 1348 eruant
1585 1319 1694 1361 quae
1719 1305 1765 1348 in
1789 1308 1904 1348 terra

262 1460 283 1492 2
308 1456 363 1501 Of.
383 1456 460 1493 ΤΘ.
473 1467 502 1493 s.
528 1456 685 1502 pallium
713 1456 939 1503 (ἅπλοΐδιον)
966 1458 977 1503 ΙΙ
1002 1460 1024 1492 4
1052 1457 1109 1502 Cf.
1122 1458 1220 1494 Fest.
1236 1459 1355 1495 Pauli
1372 1461 1457 1503 117,
1472 1462 1519 1496 10
1538 1459 1766 1504 (vestimenti
1784 1471 1905 1506 genus

141 1503 276 1541 habitu
302 1503 479 1551 duplicis)
486 1518 500 1549 ;
530 1505 676 1542 Sueton.
697 1516 738 1551 p.
758 1507 834 1542 267
853 1505 986 1550 Reiff.;
1011 1505 1110 1542 Non.
1138 1508 1220 1550 541,
1239 1509 1263 1541 4
1288 1507 1568 1552 (vestimentum
1593 1507 1777 1552 militare,
1803 1507 1905 1553 quod

142 1562 257 1599 supra
281 1552 409 1589 omnia
431 1552 658 1588 vestimenta
683 1552 855 1595 sumitur)
863 1567 876 1597 ;
901 1553 998 1590 Serv.
1025 1554 1067 1588 in
1086 1554 1178 1589 Aen.
1199 1555 1224 1590 1
1231 1554 1267 1590 V
1282 1557 1360 1591 262
1384 1559 1516 1601 (genus
1542 1555 1667 1591 vestis.
1694 1557 1752 1591 est
1778 1558 1905 1591 autem

168 1599 292 1647 roprie
317 1601 409 1647 toga
433 1600 587 1647 duplex)
595 1614 610 1645 ;
633 1601 766 1638 Strabo
791 1601 858 1637 IV
878 1604 951 1638 196
976 1601 1013 1647 (ὴ
1039 1602 1081 1637 δὲ
1107 1600 1194 1646 ἐρέα
1217 1609 1374 1649 τραχεῖα
1398 1603 1466 1645 μὲν
1491 1601 1725 1650 ἀκρόμαλλος
1750 1603 1804 1649 δέ,
1831 1602 1899 1650 ἀφ’

168 1663 187 1691 ς
209 1649 298 1690 τοὺς
322 1650 449 1691 δασεῖς
480 1647 618 1695 σάγους
648 1647 915 1695 ἐξυφαίνουσιν
941 1648 1008 1690 οὓς
1037 1647 1171 1691 λαίνας
1201 1651 1415 1697 καλοῦσιν),·
1445 1652 1584 1688 Pollux·
1610 1653 1649 1688 X
1674 1655 1766 1697 123;
1797 1653 1903 1688 schol.

143 1699 184 1734 in
208 1697 291 1733 Iuv.
317 1697 394 1733 III
411 1699 489 1732 283
513 1696 675 1743 (antiqui
702 1696 990 1743 amphimallum
1015 1696 1164 1733 laenam
1191 1697 1474 1746 appellabant),·
1510 1699 1588 1736 ΤΘ.
1614 1711 1641 1736 s.
1668 1713 1699 1735 v.
1730 1700 1905 1745 (amictus

142 1744 326 1782 rotundus
345 1743 496 1790 duplex,
522 1746 566 1780 ut
589 1744 707 1780 Iulius
727 1745 860 1781 Suavis
878 1747 974 1781 inter
993 1746 1086 1791 alia)
1111 1747 1123 1791 ΙΙ
1150 1749 1170 1781 9
1192 1746 1248 1790 Of.
1262 1747 1361 1783 Feet.
1374 1747 1482 1792 262b,
1494 1750 1541 1784 21
1563 1750 1722 1793 (rutrum
1741 1748 1905 1784 tenentis

143 1792 287 1829 iuvenis
319 1794 377 1828 est
410 1792 554 1838 effigies
581 1820 588 1828 .
611 1821 618 1828 .
641 1821 647 1828 .
674 1792 855 1829 harenam
885 1793 1043 1839 ruentis)
1051 1807 1065 1837 ;
1099 1794 1200 1830 Non.
1221 1797 1279 1839 18,
1303 1797 1350 1831 17
1378 1797 1415 1842 (a
1438 1796 1606 1832 radendo
1621 1796 1684 1844 [‘?])
1707 1799 1712 1842 Ι
1736 1797 1791 1841 Cf.
1812 1797 1903 1833 Isid.

145 1841 228 1878 XX
246 1843 303 1885 14,
321 1843 347 1877 2
373 1839 435 1885 (ab
461 1840 604 1876 arando
629 1842 770 1876 terram
797 1869 804 1877 .
826 1868 834 1878 .
856 1869 864 1877 .
891 1840 1000 1886 quasi
1024 1841 1260 1888 araterrium)
1286 1844 1296 1889 ΙΙ
1330 1846 1374 1878 10
1403 1843 1457 1888 Cf.
1485 1845 1576 1880 Isid.
1598 1844 1682 1879 XX
1699 1848 1757 1888 14,
1777 1848 1797 1880 1
1825 1846 1905 1891 (seu

144 1888 192 1925 ab
218 1888 422 1924 evomendo
452 1889 606 1935 terram)
628 1890 633 1935 Ι
658 1889 714 1934 Of.
740 1890 839 1926 Non.
866 1892 952 1934 462,
972 1891 995 1924 3
1020 1890 1031 1935 ΙΙ
1059 1893 1101 1925 11
1131 1889 1188 1934 Cf.
1218 1890 1296 1927 ΤΘ.
1322 1902 1350 1927 8.
1377 1891 1475 1927 stiva
1500 1892 1616 1938 (quod
1642 1920 1650 1928 .
1673 1922 1679 1928 .
1703 1920 1711 1928 .
1737 1894 1906 1928 aratrum

145 1937 258 1979 sistit)
266 1950 281 1981 ‚·
305 1936 402 1972 Serv.
428 1937 470 1971 in
498 1936 627 1983 Geory.
653 1937 682 1972 Ι
702 1940 774 1974 174
798 1939 810 1983 n
837 1940 880 1972 13
909 1937 964 1982 of.
990 1937 1018 1984 5
1043 1940 1126 1974 127.
1154 1941 1225 1974 143
1232 1952 1247 1983 ;
1273 1938 1370 1975 Fest.
1392 1942 1498 1984 375⁵,
1518 1943 1566 1976 30
1591 1942 1714 1986 (urvat
1740 1969 1747 1975 .
1771 1968 1778 1975 .
1800 1969 1807 1976 .
1836 1941 1906 1975 cir-

145 1984 316 2028 cumdat,
342 1983 390 2019 ab
416 1994 460 2020 eo
486 1983 589 2020 sulco
614 1984 680 2030 qui
705 1984 749 2020 fit
778 1985 819 2020 in
843 1985 936 2020 urbe
962 1985 1159 2021 condenda
1182 1997 1274 2021 urvo
1300 1987 1427 2030 aratri,
1454 1999 1550 2032 quae
1575 1988 1619 2024 fit
1643 1988 1763 2024 forma
1788 1988 1906 2023 simil-

145 2032 237 2068 lima
260 2031 390 2067 uncini
416 2031 632 2068 curvatione
657 2032 761 2068 buris
787 2034 826 2068 et
851 2032 986 2076 dentis,
1012 2032 1074 2068 cui
1099 2033 1322 2080 praefigitur
1346 2037 1506 2081 vomer);
1530 2037 1631 2072 Non.
1651 2039 1710 2080 80,
1725 2040 1772 2073 16
1798 2036 1906 2082 (bura

146 2079 286 2116 dicitur
309 2090 396 2126 pars
422 2079 539 2115 aratri
569 2080 755 2126 posterior
779 2080 1016 2126 decurvata);
1046 2081 1144 2117 Serv.
1170 2083 1213 2118 in
1241 2082 1370 2129 Geory.
1397 2083 1425 2118 I
1445 2086 1519 2120 170
1543 2095 1624 2120 cum
1656 2085 1907 2120 additamento

146 2127 263 2174 (buris
282 2128 341 2164 est
364 2130 646 2163 curvamentum
671 2128 789 2164 aratri
813 2128 958 2164 dictum
977 2128 1087 2173 quasi
1113 2126 1202 2176 βοὸς
1226 2129 1334 2175 οὐρά,
1361 2131 1461 2176 quod
1487 2131 1538 2166 sit
1556 2131 1596 2166 in
1615 2131 1906 2167 similitudinem

146 2175 290 2212 caudae
321 2174 436 2211 bovis.
487 2174 555 2211 alii
584 2175 709 2211 burim
734 2177 972 2213 curvaturam
996 2176 1158 2212 temonis
1183 2187 1281 2222 quae
1307 2189 1420 2224 supra
1446 2181 1503 2215 est
1528 2181 1567 2214 et
1592 2180 1694 2225 quod
1719 2183 1777 2215 est
1807 2179 1907 2215 infra

145 2235 278 2260 urvum
296 2223 438 2259 dicunt.
476 2222 580 2260 buris
605 2224 706 2260 enim
731 2225 775 2259 ut
793 2226 967 2260 curvetur
985 2226 1074 2260 ante
1099 2224 1180 2271 igni
1207 2224 1391 2271 domatur,
1417 2226 1455 2261 id
1476 2228 1534 2262 est
1553 2227 1779 2264 amburitur:
1806 2228 1905 2264 unde

147 2273 186 2308 et
204 2281 302 2316 quae
326 2270 552 2307 naturaliter
575 2271 818 2308 inveniuntur
836 2283 969 2308 curvae
994 2271 1051 2307 ita
1075 2271 1262 2309 dicuntur.
1301 2272 1420 2310 Varro
1440 2274 1496 2310 ait
1520 2276 1675 2320 †totum
1699 2275 1823 2311 burim
1849 2276 1907 2311 111-

147 2319 223 2355 dici
249 2318 297 2355 ab
322 2319 434 2356 urbe:
457 2319 523 2355 ubi
546 2320 736 2355 temonem
761 2319 885 2356 burim
910 2319 986 2356 dici
1013 2331 1036 2355 a
1059 2319 1183 2356 bubus
1200 2321 1318 2366 Thilo,
1344 2334 1475 2357 urvum
1500 2322 1625 2358 burim
1645 2324 1721 2359 dici
1747 2335 1770 2359 a
1795 2335 1907 2360 curvo

148 2367 320 2413 Schoe11);
342 2368 449 2403 schol.
470 2367 574 2413 apud
601 2367 693 2404 Thil.
713 2368 788 2404 III
807 2371 844 2412 2,
868 2371 964 2412 232;
989 2368 1082 2404 Isid.
1109 2368 1191 2405 XX
1217 2372 1334 2414 14‚2;
1361 2370 1442 2406 GL.
1472 2371 1553 2407 VII
1575 2375 1655 2416 544,
1673 2375 1745 2416 23,-
1774 2372 1852 2408 TG.
1877 2384 1906 2408 s.

147 2414 251 2451 buris
276 2415 572 2462 (curvamentum
598 2415 728 2462 aratri)
755 2419 788 2452 et
812 2415 853 2451 in
876 2415 1001 2452 burim
1021 2417 1122 2461 (pars
1143 2427 1256 2452 curva
1275 2429 1371 2463 quae
1392 2420 1516 2455 aratro
1536 2419 1720 2467 iungitur)
1746 2422 1757 2466 ΙΙ
1784 2424 1828 2455 14
1850 2420 1906 2465 Cf.

200 2466 248 2499 19
255 2476 268 2507 ;
295 2462 392 2499 Fest.
414 2462 532 2499 Pauli
549 2465 608 2507 39,
627 2466 651 2499 4
675 2465 686 2510 ΙΙ
713 2468 756 2499 15
786 2463 840 2509 Of.
863 2465 981 2501 Varro
1000 2464 1035 2500 ἀ.
1055 2476 1085 2500 r.
1106 2475 1136 2500 r.
1157 2465 1183 2500 1
1199 2467 1259 2509 10,
1279 2469 1300 2501 1
1328 2465 1474 2513 (iugum
1498 2470 1635 2503 vocant
1659 2468 1761 2512 quod
1786 2468 1907 2504 iuncti

175 2521 261 2547 oves
285 2521 360 2546 uno
387 2509 449 2546 die
474 2521 626 2547 exarare
651 2513 842 2558 possunt);
867 2512 967 2549 Non.
995 2514 1052 2555 54,
1070 2514 1121 2548 25
1146 2511 1370 2558 (iumentum
1395 2525 1418 2550 a
1443 2514 1634 2562 iungendo
1659 2517 1804 2552 veteres
1830 2516 1908 2552 dic-

149 2560 230 2594 tum
249 2559 399 2605 putant,
418 2570 444 2604 g
461 2557 591 2595 littera
608 2558 648 2594 in
668 2570 712 2595 eo
731 2560 882 2596 nomine
906 2559 1083 2605 adtrita);
1110 2559 1202 2597 Geli.
1223 2561 1306 2597 XX
1324 2565 1358 2606 1,
1377 2564 1427 2598 28
1446 2562 1668 2608 (iumentum
1697 2592 1704 2599 .
1725 2591 1734 2599 .
1756 2592 1764 2600 .
1784 2567 1908 2602 vecta.-

149 2605 281 2642 bulum
315 2605 442 2650 etiam,
477 2606 578 2651 quod
603 2617 626 2642 a
651 2607 790 2643 iunctis
823 2607 1022 2654 pecoribus
1055 2606 1296 2653 trahebatur,
1322 2610 1466 2646 veteres
1496 2611 1616 2647 nostri
1650 2611 1859 2648 iumentum
1886 2623 1910 2647 a

149 2653 341 2700 iungendo
368 2653 557 2699 dixerunt)
563 2668 577 2699 ;
607 2655 683 2691 ΤΘ.
709 2666 737 2691 s.
759 2667 789 2692 v.
820 2656 824 2702 Ι
855 2655 909 2701 Cf.
932 2656 1030 2693 Fest.
1051 2654 1169 2691 Paulo·
1192 2659 1275 2701 105,
1297 2660 1343 2694 16
1374 2659 1504 2704 (genus
1535 2661 1740 2695 rastrorum
1771 2659 1907 2696 ferreo-

149 2713 245 2747 rum,
279 2701 381 2747 quod
414 2700 539 2747 plures
574 2701 691 2738 habet
725 2702 856 2739 dentes
888 2703 938 2739 ad
963 2702 1224 2748 exstirpandas
1255 2704 1391 2741 herbas
1416 2705 1456 2741 in
1482 2707 1619 2753 agris),·
1652 2708 1831 2744 additam.
1859 2709 1909 2744 ad

151 2749 248 2787 Serv.
269 2751 311 2786 in
331 2750 433 2796 Vera.
451 2748 578 2796 Geory.
594 2751 620 2785 Ι
635 2753 684 2787 95
708 2752 844 2796 (crates
870 2761 984 2796 quam
1008 2750 1142 2787 rustici
1167 2751 1323 2798 irpicem
1349 2755 1522 2799 vocant);
1552 2755 1629 2791 TG.
1649 2766 1677 2791 s.
1698 2755 1861 2801 hirpiees

273 2898 292 2929 1
319 2893 528 2930 faciebant:
554 2905 636 2931 corr
661 2895 756 2931 Laet
785 2895 797 2940 ΙΙ
829 2898 850 2929 3
875 2894 1063 2931 reclusum
1088 2897 1143 2932 vel
1167 2895 1367 2932 Resculum
1394 2899 1460 2942 (sic
1487 2897 1527 2932 F
1530 2899 1578 2942 v):
1604 2909 1686 2934 corr
1706 2899 1809 2935 Turn
1835 2899 1911 2944 (sed

153 2952 215 2977 ex·
234 2953 306 2988 pro
331 2952 386 2977 es·
413 2942 519 2988 Mae)
552 2943 558 2987 Ι
591 2941 789 2978 leuitatem
814 2943 892 2988 (vix
915 2942 1155 2989 breuitatem)
1190 2946 1195 2988 Ι
1228 2943 1485 2990 Parapecchia
1507 2945 1571 2982 F*
1605 2948 1616 2991 ΙΙ
1647 2949 1669 2981 4
1695 2946 1771 2982 add
1797 2947 1874 2983 Ala
1898 2949 1910 2991 ss

155 2992 174 3024 7
202 2989 397 3026 sarcendo:
423 2989 596 3028 corr-Alci
625 2990 636 3035 ΙΙ
668 2993 689 3025 9
715 2990 900 3038 ar<a>uit
925 2990 1019 3027 Laet
1049 2993 1061 3036 n
1094 2994 1138 3027 10
1163 2992 1222 3027 del
1248 2992 1407 3038 Madviy
1437 2994 1448 3037 ΙΙ
1483 2997 1526 3029 18
1552 2993 1611 3029 del
1639 2994 1742 3030 Turn
1768 3005 1797 3030 c.
1823 2995 1873 3030 al.
1899 2996 1910 3039 ll

156 3041 200 3073 14
226 3047 334 3072 coum
354 3038 432 3083 (vix
450 3047 550 3082 cous,
575 3042 617 3074 ut
636 3037 711 3084 F')
736 3039 747 3083 ΙΙ
775 3042 818 3074 15
844 3048 953 3074 couo:
980 3049 1062 3075 com·
1075 3039 1172 3075 Rhoz
1194 3039 1198 3086 Ι
1221 3039 1428 3074 iumentum
1450 3040 1503 3076 vel
1526 3040 1696 3077 iumenta
1717 3043 1723 3087 Ι
1746 3041 1794 3077 ab
1813 3043 1868 3078 vel
1887 3052 1910 3076 a
