2176 3386
319 128 408 170 230
677 127 997 171 RELIQVORVM
1025 127 1088 163 DE
1114 127 1438 164 GRAMMATICA
1463 128 1714 164 LIBRORVM

527 235 708 279 tradidit
737 235 864 278 nobis
889 251 1018 292 quam
1046 236 1161 291 quod
1193 237 1374 292 accepit:
1404 251 1504 279 nam
1537 236 1574 278 si
1606 237 1702 292 quis
1729 238 1842 280 dicat
1874 238 2061 282 scrimbo

531 322 610 363 pro
652 322 702 350 eo
735 307 851 362 quod
891 310 955 349 est
996 307 1150 368 scribo,
1187 322 1274 349 non
1306 307 1527 364 analogiae
1558 308 1731 363 virtute,
1771 308 1844 351 sed
1884 311 2062 354 naturae

530 379 667 434 ipsius
699 378 1009 421 constitutione
1041 376 1320 421 convincitur.
1382 378 1582 435 analogia
1612 379 1822 422 sermonis
1853 395 1877 421 a
1908 363 2062 423 natura

529 449 691 504 proditi
723 449 936 492 ordinatio
968 451 1033 491 est
1069 463 1208 504 neque
1239 448 1362 491 aliter
1396 449 1621 492 barbaram
1658 450 1851 506 linguam
1884 450 1937 492 ab
1969 465 2063 493 eru-

530 520 620 563 dita
663 535 792 576 quam
835 522 1060 577 argentum
1098 535 1122 562 a
1165 520 1343 575 plumbo
1388 520 1601 563 dissociat.
1670 521 1932 564 consuetudo
1975 537 2064 564 non
2100 539 2116 565 5

530 592 696 635 ratione
716 591 951 647 analogiae,
977 591 1052 634 sed
1070 591 1235 634 viribus
1259 606 1338 647 par
1357 582 1438 646 est,
1458 591 1554 634 ideo
1581 591 1719 634 solum
1745 594 1929 648 recepta,
1949 594 2065 648 quod

532 662 767 705 multorum
799 661 1079 705 consensione
1111 662 1339 716 convaluit,
1370 664 1432 704 ita
1462 665 1606 705 tamen
1636 665 1685 705 ut
1716 664 1780 705 illi
1815 664 1919 706 artis
1954 664 2064 706 ratio

532 749 620 777 non
660 734 843 789 accedat,
885 733 960 775 sed
1000 733 1238 789 indulgeat:
1279 748 1378 775 nam
1420 748 1468 776 ea
1509 749 1531 776 e
1571 734 1712 776 medio
1750 735 1953 790 loquendi
1983 749 2065 777 usu

533 805 693 862 placita
736 804 958 847 adsumere
1002 805 1237 847 consuevit.
1306 804 1538 847 auctoritas
1582 805 1625 846 in
1669 805 1818 862 regula
1862 805 2066 861 loquendi

533 877 769 920 novissima
808 877 892 918 est:
932 890 1118 931 namque
1155 875 1230 917 ubi
1271 876 1415 918 omnia
1452 876 1701 932 defecerint,
1745 877 1807 920 sic
1850 877 1904 919 ad
1946 877 2064 920 illam
2085 894 2120 920 10

534 963 660 1004 quem
692 948 746 990 ad
776 947 954 989 modum
985 946 1039 989 ad
1070 961 1187 989 aram
1221 961 1383 989 sacram
1409 947 1666 990 decurritur:
1696 962 1785 991 non
1810 949 1924 990 enim
1950 949 2067 1004 quic-

535 1034 664 1074 quam
696 1020 771 1061 aut
801 1017 983 1060 rationis
1015 1019 1089 1059 aut
1118 1020 1297 1060 naturae
1329 1020 1403 1060 aut
1434 1018 1753 1061 consuetudinis
1790 1019 1938 1075 habet,
1969 1034 2066 1063 cum

536 1093 706 1132 tantum
731 1088 933 1144 opinione
965 1088 1199 1131 secundum
1224 1091 1415 1131 veterum
1447 1089 1674 1132 lectionem
1700 1093 1870 1145 recepta
1901 1090 1958 1133 sit
1988 1105 2068 1134 nec

536 1162 731 1216 ipsorum
769 1162 926 1214 tamen,
971 1159 1006 1202 si
1046 1160 1378 1216 interrogentur,
1422 1174 1497 1203 cur
1533 1159 1577 1202 id
1618 1161 1754 1203 secuti
1795 1161 1893 1216 sint,
1936 1162 2068 1204 scien-

534 1232 654 1275 tium.

327 1305 409 1346 116
442 1304 579 1361 [220]
627 1303 766 1346 Varro
805 1303 851 1345 in
890 1303 1013 1346 libris
1046 1303 1369 1358 disciplinarum
1402 1303 1572 1356 scripsit
1603 1303 1853 1347 observasse
1892 1318 1983 1347 sese
2023 1304 2065 1346 in

537 1390 664 1417 versu
700 1375 962 1431 hexametro,
1003 1375 1118 1430 quod
1158 1375 1405 1417 omnimodo
1448 1375 1623 1430 quintus
1664 1375 1848 1431 semipes
1889 1375 2068 1418 verbum

534 1446 680 1489 finiret
711 1449 754 1489 et
781 1446 896 1502 quod
927 1446 1093 1502 priores
1120 1446 1311 1502 quinque
1338 1445 1575 1501 semipedes
1600 1460 1733 1501 aeque
1757 1461 1956 1502 magnam
1981 1446 2069 1488 vim

535 1518 743 1561 haberent
783 1518 828 1560 in
871 1517 1093 1560 efficiendo
1137 1531 1262 1559 versu
1302 1519 1431 1572 atque
1472 1516 1544 1558 alii
1585 1516 1846 1572 posteriores
1887 1518 2069 1572 septem:

535 1589 664 1646 idque
697 1589 838 1644 ipsum
872 1589 1038 1631 ratione
1070 1588 1253 1642 quadam
1284 1588 1545 1644 geometrica
1575 1587 1667 1629 fieri
1700 1587 1882 1630 disserit.

752 1836 1048 1880 INGERTAE
1084 1836 1248 1879 SEDIS
1279 1835 1646 1879 FRAGMENTA

1043 1918 1271 1954 PRAETER
1295 1918 1360 1953 EA

460 1992 590 2035 QVAE
618 1990 873 2026 STELLVLIS
899 1990 1092 2026 DVABVS
1119 1989 1425 2025 SIGNIFICATA
1452 1988 1607 2024 SVPRA
1631 1987 1927 2023 INSERVIMVS

330 2078 411 2120 117
440 2077 579 2134 [233]
629 2077 737 2121 scire
770 2076 971 2119 debemus
999 2110 1007 2118 .
1035 2110 1043 2117 .
1071 2110 1078 2118 .
1105 2074 1306 2117 utilitatis
1336 2074 1516 2118 alicuius
1543 2088 1670 2117 causa
1696 2073 1887 2116 omnium
1913 2073 2071 2115 artium

538 2149 733 2191 extitisse
763 2148 988 2204 principia.
1045 2161 1113 2188 ars
1145 2161 1246 2188 vero
1279 2146 1392 2188 dicta
1424 2148 1501 2200 est,
1532 2145 1647 2200 quod
1677 2159 1757 2187 nos
1789 2145 1878 2186 suis
1909 2143 2070 2200 regulis
2091 2155 2124 2181 25

445 2306 488 2337 16
517 2302 608 2338 Gell.
629 2302 784 2337 XVIII
805 2304 900 2344 15,2
925 2300 978 2346 (in
1013 2299 1135 2345 longis
1161 2298 1327 2334 versibus
1359 2298 1423 2343 qui
1457 2297 1664 2333 hexametri
1689 2297 1879 2340 vocantur,
1905 2295 1996 2331 item
2031 2296 2071 2330 in

325 2350 483 2385 senariis
509 2349 854 2385 animadverterunt
878 2348 1024 2383 metrici
1048 2347 1188 2392 primos
1214 2346 1306 2382 duos
1330 2346 1455 2391 pedes,
1479 2345 1571 2379 item
1597 2346 1779 2380 extremos
1805 2343 1908 2388 duos,
1933 2343 2072 2379 habere

325 2398 494 2443 singulos
518 2408 629 2443 posse
654 2397 822 2442 integras
841 2397 969 2441 partes
988 2394 1168 2430 orationis
1189 2422 1197 2428 .
1220 2422 1226 2428 .
1249 2421 1256 2428 .
1276 2393 1326 2428 Μ.
1346 2393 1462 2429 etiam
1480 2392 1598 2427 Varro
1619 2419 1627 2426 .
1650 2420 1657 2427 .
1679 2419 1686 2427 .
1708 2391 1871 2434 disserit)
1890 2392 1901 2437 Η
1921 2394 1967 2425 24
1989 2390 2071 2426 GL.

333 2446 415 2480 V11
433 2448 518 2488 213,
533 2449 579 2481 10
604 2445 712 2490 (scire
739 2445 865 2479 autem
891 2443 1079 2485 debemus,
1106 2442 1203 2477 sicut
1227 2441 1345 2476 Varro
1372 2440 1474 2483 dicit,
1499 2439 1678 2475 utilitatis
1700 2467 1707 2474 .
1729 2467 1737 2474 .
1758 2466 1766 2474 .
1786 2439 1954 2483 vocant);
1979 2438 2025 2482 cf.
2050 2439 2078 2473 I

325 2495 444 2536 421,4
469 2494 542 2538 (ars
569 2494 627 2528 est
650 2492 706 2527 rei
731 2492 911 2536 cuiusque
936 2490 1094 2525 scientia
1118 2501 1188 2524 usu
1212 2488 1270 2524 vel
1304 2487 1507 2523 traditione
1533 2487 1592 2522 vel
1615 2486 1763 2522 ratione
1787 2488 1966 2531 percepta
1990 2487 2071 2520 ten-

326 2540 417 2574 dens
453 2540 501 2574 ad
534 2552 644 2574 usum
678 2539 843 2584 aliquem
877 2538 977 2573 vitae
1011 2537 1260 2572 necessarium
1287 2565 1293 2571 .
1322 2565 1328 2571 .
1359 2564 1366 2570 .
1394 2547 1453 2570 ars
1488 2534 1590 2570 dicta
1621 2534 1721 2579 quod
1755 2535 1835 2569 arto
1870 2534 2069 2578 praecepto

327 2587 475 2633 singula
501 2587 656 2622 definiat
683 2615 690 2622 .
712 2614 719 2621 .
742 2614 749 2622 .
775 2586 834 2622 vel
860 2585 933 2620 ἀπὸ
960 2591 1024 2631 τῆς
1049 2586 1191 2630 ἀρετῆς,
1217 2583 1316 2618 unde
1340 2585 1484 2618 veteres
1510 2583 1629 2618 artem
1654 2592 1721 2627 pro
1741 2581 1879 2616 virtute
1907 2579 2071 2625 appella-

325 2634 452 2680 bant);
494 2635 559 2670 IV
579 2638 709 2678 47‚16.
741 2637 831 2677 405,
850 2635 895 2676 2‚·
928 2634 963 2668 V
982 2635 1049 2675 95,
1067 2635 1110 2675 4;
1143 2632 1201 2667 VI
1221 2634 1261 2675 3,
1282 2634 1314 2666 7.
1342 2633 1427 2673 187,
1445 2632 1491 2674 2;
1524 2630 1606 2665 VII
1625 2631 1715 2672 320,
1736 2631 1779 2672 5;
1803 2629 1894 2664 Isid.
1921 2629 2007 2671 ΙΙ,
2026 2629 2072 2671 2,·

326 2683 526 2729 Augu-stin.
553 2683 595 2719 de
619 2694 647 2718 c.
675 2682 709 2717 d.
737 2682 802 2717 IV
821 2684 879 2716 21.
908 2681 1013 2716 XIX
1037 2683 1070 2715 3.

447 2843 465 2873 1
494 2838 641 2883 accepit
665 2838 720 2872 vel
753 2835 893 2880 accipit
929 2836 940 2880 fl
978 2838 998 2868 2
1024 2845 1090 2879 pro
1117 2844 1160 2868 eo
1186 2832 1286 2878 quod
1310 2833 1364 2868 vel
1398 2831 1498 2876 quod
1535 2832 1546 2876 ΙΙ
1583 2833 1669 2875 4sq.
1694 2831 1751 2865 est
1782 2840 1903 2874 neque
1927 2829 1981 2864 vel
2015 2829 2072 2863 est

327 2887 533 2922 secundum
556 2884 748 2920 technicos
773 2893 894 2927 neque
916 2884 920 2927 Ι
950 2881 1097 2917 erudita
1115 2882 1170 2928 vel
1188 2880 1313 2916 erudit
1337 2882 1347 2926 l}
1373 2883 1394 2914 6
1419 2878 1564 2914 ratione
1583 2879 1638 2913 vel
1662 2879 1741 2912 arte
1763 2878 1768 2922 Ι
1789 2888 1859 2922 par
1876 2877 1931 2911 vel
1954 2887 2041 2921 pars
2059 2876 2071 2920 ΙΙ

330 2937 349 2968 7
376 2933 618 2969 consensione
642 2933 698 2967 vel
722 2929 956 2966 consessione
981 2930 992 2974 ss
1020 2933 1062 2963 11
1089 2939 1192 2963 aram
1217 2938 1360 2962 sacram
1383 2927 1439 2963 vel
1463 2925 1663 2961 anchoram
1687 2925 1754 2970 (vel
1779 2923 2035 2968 anachortam)
2059 2924 2071 2967 ΙΙ

329 2985 374 3016 14
399 2982 486 3016 sunt
511 2982 579 3027 (vel
598 2980 739 3016 essent.-
762 2990 793 3014 v.
814 2979 922 3022 test.):
949 2988 1029 3013 corr
1047 2976 1245 3012 Puta-chius
1277 2977 1288 3021 ss
1324 2978 1366 3010 17
1394 2984 1474 3009 sese
1498 2973 1553 3008 vel
1578 2983 1616 3008 se
1650 2973 1662 3018 ΙΙ
1696 2975 1739 3007 21
1766 2970 1994 3017 geometrica
2017 2971 2073 3006 vel

328 3028 550 3064 diometrica
