2144 3340
323 166 442 202 XLVI
1011 166 1345 203 PROLEGOMEN
1345 167 1378 202 A

325 275 500 317 89-91.
522 274 947 317 95—98.148-152.
971 274 1184 317 154156.
1216 274 1310 317 157.
1339 274 1435 317 159.
1466 276 1559 317 163.
1589 276 1684 318 164.
1714 276 2065 330 171—173.174;

327 344 391 387 VI
412 345 596 387 13—34.
660 346 725 387 De
758 346 912 400 quibus
944 348 993 387 ut
1024 346 1192 401 saepius
1225 346 1508 388 confidentius
1539 346 1787 402 iudicemus,
1817 347 2066 398 testimonia

323 415 547 458 Plutarchi
591 419 633 458 et
677 416 877 471 Dionysii
922 417 1134 472 efficiunt,
1178 417 1253 471 qui
1297 431 1348 458 ex
1398 417 1547 459 iisdem
1593 416 1915 472 Antiquitatum
1957 418 2065 461 locis

323 487 522 542 pendent.
573 486 666 537 Quo
693 488 899 530 accedunt
929 487 1177 530 testimonia
1201 501 1289 529 non
1321 489 1462 530 minus
1489 488 1636 544 gravia
1661 503 1712 531 ex
1739 487 1942 531 Cicerone
1969 503 2066 531 cum

321 557 517 600 Varrone
550 559 855 613 consentiente,
887 558 930 600 id
962 561 1026 600 est
1050 583 1109 588 --
1135 559 1250 613 quod
1281 561 1348 600 tot
1378 559 1485 608 locis
1512 559 1668 602 diserte
1699 561 1906 614 probatur
1931 585 1987 590 —
2013 574 2066 602 ex

322 629 398 671 illo
424 629 659 671 hauriente.
700 629 833 671 Velut
858 630 1012 672 mirum
1040 633 1104 672 est
1130 629 1407 687 Spengelium
1440 629 1534 687 (qui
1559 645 1646 673 non
1670 631 1731 672 ita
1756 631 1915 673 multos
1946 631 2066 673 locos

320 702 548 755 parallelos
592 701 798 756 respexit,
842 701 918 743 etsi
959 701 1043 742 iam
1082 700 1296 743 Mercklin
1326 701 1480 743 Philol.
1513 700 1618 743 XIII
1647 717 1688 757 p.
1715 701 1798 743 687
1833 716 1882 744 eo
1914 716 2063 756 provo-

321 770 451 827 cavit)
484 771 537 813 ad
569 770 609 813 V
629 771 684 813 68
729 797 788 802 -—
831 772 1012 814 fortasse
1044 771 1096 813 ab
1130 771 1301 814 Halmio
1334 787 1411 814 suo
1444 773 1657 814 monitum
1696 798 1751 802 —
1790 772 2066 829 adscripsisse

319 842 450 884 verba
489 842 647 884 similia
684 857 735 885 ex
776 842 961 885 Firmico
993 842 1188 885 Materno
1228 843 1279 885 de
1317 858 1457 885 errore
1493 844 1767 899 profanarum
1807 843 2064 900 religionum

321 928 458 968 neque
490 913 837 955 animadvertisse
869 914 934 956 illi
966 912 1213 956 Ciceronem
1244 917 1460 957 auctorem
1500 929 1591 956 esse
1623 915 1672 957 de
1704 918 1856 957 natura
1887 915 2064 958 deorum

321 983 394 1041 (cf.
431 987 526 1026 test.
573 985 626 1026 ad
657 985 732 1040 22,
764 983 829 1041 2);
875 999 1013 1040 neque
1057 985 1200 1027 deesse
1245 986 1404 1028 similes
1443 987 1560 1028 locos
1598 984 1650 1028 ex
1694 986 1995 1028 ‘testimoniis'
2041 1001 2066 1028 a

319 1055 445 1098 nobis
486 1055 713 1110 adscriptis
753 1055 996 1110 perspicies.
1070 1054 1205 1106 Quem
1247 1071 1500 1099 consensum
1541 1057 1745 1112 explicari
1777 1071 1828 1099 ex
1858 1056 2065 1099 Varronis

318 1126 639 1182 Antiquitatum
680 1126 803 1169 libris
835 1127 1038 1169 adhibitis
1070 1127 1313 1170 coniectura
1345 1130 1409 1170 est
1441 1130 1483 1170 et
1523 1142 1659 1183 prona
1691 1131 1733 1170 et
1772 1128 2019 1183 probabilis.
2029 1125 2064 1184 1)

321 1197 590 1253 Quamquam
635 1189 809 1239 minime
854 1198 1066 1240 credimus
1098 1197 1335 1241 Varronem
1380 1213 1547 1254 semper
1585 1200 1637 1241 ad
1678 1199 1983 1241 verbum'illos
2014 1213 2066 1241 ex

322 1268 670 1324 Antiquitatibus
701 1269 1034 1324 'transcripsisse
1077 1271 1214 1312 locos:
1257 1271 1391 1312 immo
1435 1270 1477 1312 in
1524 1270 1787 1325 excerpendo
1830 1270 1960 1312 verba
1999 1285 2066 1313 ac-

321 1341 610 1383 commodavit
652 1341 958 1396 grammaticae
1000 1341 1157 1383 rationi
1202 1341 1498 1397 disposuitque
1542 1341 1712 1397 singula
1752 1344 1881 1396 prout
1923 1356 2064 1384 rerum

322 1412 617 1453 condicionem
659 1410 877 1466 postulare
921 1411 988 1454 vel
1032 1412 1257 1454 commodo
1303 1413 1506 1454 inservire
1551 1412 1739 1454 credidit.
1820 1411 1971 1468 Neque
2014 1426 2066 1454 ex

321 1482 424 1525 solis
450 1482 799 1537 Antiquitatibus
831 1483 1024 1525 hausisse
1057 1498 1166 1539 eum,
1199 1484 1272 1526 sed
1305 1483 1433 1525 etiam
1466 1483 1550 1525 alia
1576 1497 1704 1538 opera
1729 1498 1806 1526 sua
1830 1483 2066 1539 inspexisse

322 1557 654 1596 consentaneum
697 1557 910 1609 putamus.
992 1553 1059 1596 Ne
1103 1555 1148 1596 in
1191 1555 1375 1609 septimo
1421 1554 1593 1610 quidem
1636 1555 1747 1597 libro
1798 1554 1905 1596 tales
1948 1555 2066 1597 locos

321 1639 581 1681 quamquam
612 1625 794 1667 rariores
828 1628 927 1667 sunt
958 1640 1133 1680 prorsus
1165 1625 1368 1668 deficiunt
1402 1626 1473 1682 (cf.
1501 1625 1634 1668 Goetz
1659 1625 1685 1667 l.
1707 1640 1737 1668 s.
1758 1640 1788 1667 s.
1809 1641 1850 1681 p.
1873 1625 1927 1667 13
1942 1623 2065 1682 sqq).

322 1695 438 1746 Quae
458 1696 492 1738 si
513 1696 797 1752 probabiliter
816 1697 1034 1751 disputata
1054 1711 1144 1738 esse
1169 1697 1438 1750 videbuntur,
1458 1696 1782 1745 Reitzensteinii
1803 1704 1861 1754 (p.
1883 1697 1938 1739 39
1954 1694 2066 1752 sqq.)

321 1767 588 1823 sententiam,
619 1768 694 1822 qui
724 1768 926 1823 pleraque
956 1782 1045 1809 non
1075 1767 1293 1822 Varronis,
1337 1768 1411 1809 sed
1442 1766 1556 1810 Aelii
1588 1766 1766 1810 Stilonis
1798 1782 1900 1823 esse,
1944 1768 2065 1810 cuius

322 1839 623 1880 tractationem
655 1837 792 1880 Varro
836 1839 882 1880 in
923 1839 1053 1895 longe
1096 1839 1294 1894 plurimis
1339 1842 1381 1881 et
1417 1839 1462 1881 in
1498 1841 1591 1881 tota
1628 1839 1906 1894 dispositione
1944 1853 2065 1881 suam

322 1909 494 1952 fecisset
536 1913 578 1951 et
618 1909 679 1951 ita
711 1910 899 1966 quidem,
930 1912 979 1951 ut
1010 1910 1180 1966 singula
1212 1925 1338 1965 saepe
1370 1913 1678 1965 corrumperet,
1710 1925 1762 1953 ex
1794 1910 1911 1952 omni
1942 1912 2063 1965 parte

321 1980 688 2023 labefactavimus:
738 1996 836 2023 nam
886 1983 1102 2036 quotquot
1143 1981 1261 2023 locos
1304 1997 1356 2024 ex
1399 1981 1523 2023 Aelio
1568 1981 1827 2036 derivamus,
1877 1995 1929 2023 ex
1978 1994 2064 2035 quo

322 2051 465 2106 plures
498 2066 599 2093 sane
632 2051 850 2094 derivandi
883 2054 984 2094 sunt
1015 2067 1143 2107 quam
1176 2052 1331 2094 diserte
1364 2052 1551 2108 scriptor
1580 2054 1774 2105 testatur,
1805 2052 1849 2093 in
1884 2051 2064 2093 totidem

322 2122 417 2164 aliis
449 2122 577 2165 rebus
609 2123 662 2164 ab
688 2122 813 2164 Aelio
845 2137 934 2165 non
964 2123 1147 2178 pendere
1173 2123 1413 2166 Varronem
1445 2123 1718 2179 perspicuum
1750 2123 1812 2178 fit,
1842 2125 1892 2164 ut
1915 2122 2065 2164 funda-

321 2197 477 2248 menta,
504 2193 661 2248 quibus
687 2197 828 2237 totum
854 2194 1095 2237 aedificium
1121 2195 1374 2250 impositum
1401 2197 1466 2236 est
1491 2194 1737 2236 dilabantur
1761 2196 1803 2235 et
1829 2193 2064 2236 concidant.

321 2264 472 2319 Neque
516 2268 630 2307 recte
673 2268 877 2320 putamus
919 2280 971 2308 ex
1014 2267 1142 2307 meris
1184 2266 1439 2307 coniecturis
1480 2265 1542 2308 sic
1572 2267 1615 2306 et
1644 2263 1816 2306 Aelium
1850 2267 1891 2306 et
1922 2264 2063 2319 ipsum

322 2335 561 2378 Varronem
603 2338 732 2393 longe
775 2337 883 2379 alios
923 2337 1030 2393 fingi
1070 2351 1119 2379 ac
1162 2336 1343 2379 describi
1386 2351 1513 2391 quam
1547 2336 1621 2390 qui
1652 2336 1874 2390 utriusque
1905 2335 2065 2391 scripta

323 2407 475 2449 melius
506 2408 740 2450 noscebant
768 2408 1004 2463 antiquitus
1029 2408 1305 2450 tradiderunt.
1356 2405 1438 2450 Sed
1463 2421 1578 2449 nunc
1603 2406 1654 2448 ad
1679 2406 1860 2448 triadem
1887 2405 2063 2449 alteram

321 2466 530 2521 librorum
562 2478 769 2521 VIII———X
813 2482 1096 2534 transeamus,
1140 2493 1320 2534 quorum
1362 2478 1656 2520 condicionem
1695 2477 1824 2534 longe
1855 2476 2063 2519 diversam

323 2564 413 2592 esse
444 2550 568 2592 facile
599 2550 876 2607 intellegitur.

443 2620 671 2663 Secunda
710 2622 844 2678 igitur
883 2636 999 2677 pars
1040 2622 1229 2677 operis,
1263 2635 1371 2676 quae
1403 2621 1456 2663 ab
1490 2623 1640 2663 octavo
1672 2619 1783 2661 libro
1815 2619 1980 2674 incipit,
2011 2617 2064 2659 ad

323 2692 613 2748 analogiam
658 2695 706 2734 et
748 2693 1051 2734 anomaliam
1093 2692 1297 2748 pertinet,
1342 2707 1450 2747 quae
1494 2691 1783 2733 controversia
1826 2705 1850 2732 a
1890 2688 2062 2732 Graecis

323 2765 497 2817 accepta
528 2764 642 2818 apud
673 2763 889 2806 Romanos
922 2777 1091 2818 quoque
1132 2762 1274 2805 studia
1314 2762 1500 2817 plurima
1531 2764 1574 2804 et
1611 2762 1813 2804 acerrima
1852 2759 2061 2802 excitavit.

444 2940 478 2984 1)
503 2939 559 2973 De
584 2938 750 2974 Varrone
776 2938 963 2974 Ciceronis
989 2939 1140 2974 auctore
1165 2938 1205 2973 in
1236 2938 1388 2973 deorum
1417 2937 1542 2972 indice
1575 2937 1621 2972 de
1645 2948 1681 2971 n.
1708 2936 1742 2971 d.
1768 2935 1820 2971 III
1838 2939 1894 2970 42.
1921 2938 1966 2970 53
1980 2946 2061 2980 sqq.

323 2999 410 3043 post
447 2997 540 3033 alios
573 2998 611 3032 et
642 2999 770 3033 contra
794 2997 998 3033 Rudolfum
1022 2997 1151 3032 Hirzel
1189 2997 1301 3043 (‘Ber.
1328 2997 1394 3032 der
1417 2997 1454 3031 k.
1472 2995 1607 3031 sacha.
1633 2995 1716 3031 Ges.
1743 2995 1778 3030 d.
1804 2993 1940 3042 W.'-a.
1969 2996 2060 3028 1896

324 3069 361 3102 p.
383 3060 451 3092 304
465 3058 560 3102 sqq.)
598 3056 806 3101 disputavit
829 3056 974 3092 Bobeth
1002 3057 1069 3091 ‘de
1093 3056 1218 3091 indice
1244 3056 1417 3090 deorum'
1446 3055 1533 3091 diss.
1559 3055 1659 3100 Lips.
1686 3066 1718 3090 a.
1747 3056 1838 3089 1904
1862 3065 1899 3099 p.
1920 3057 1966 3088 24
1980 3064 2060 3098 sqq.
