2176 3386
872 170 1016 207 LIBER
1041 170 1073 206 X
1102 173 1194 207 1-8
1828 169 1914 213 175

151 296 289 340 equus
319 296 447 340 equo,
490 285 533 325 et
570 263 810 325 dissimilis⁷
832 279 962 324 homo
1002 294 1131 337 equo:
1176 294 1275 322 nam
1307 279 1448 322 simile
1487 282 1553 322 est
1584 278 1714 322 homo
1746 279 1912 322 homini

150 354 267 411 ideo,
297 353 412 411 quod
443 353 612 396 easdem
646 353 806 411 figuras
838 351 1130 395 membrorum
1162 351 1341 407 habent,
1380 365 1489 407 quae
1521 364 1594 394 eos
1627 349 1825 394 dividunt
1857 350 1913 393 ab

150 425 416 483 reliquorum
448 424 699 468 animalium
730 423 884 481 specie.
941 423 985 465 in
1018 423 1124 479 ipsis
1156 422 1405 466 hominibus
1437 421 1568 465 simili
1603 421 1654 464 de
1687 436 1814 465 causa
1846 422 1914 464 vir

149 497 244 542 viro
275 496 459 541 similior
489 511 616 553 quam
650 495 718 538 vir
748 495 931 550 mulieri,
963 494 1079 551 quod
1111 494 1256 550 plures
1288 494 1450 537 habent
1481 493 1651 537 easdem
1683 493 1837 550 partis3
1869 495 1914 536 et

114 586 132 615 ι
149 569 212 613 sio
257 568 400 613 senior
443 568 535 611 seni
579 567 760 611 similior
797 581 927 623 quam
966 579 1111 623 puero.
1171 580 1221 609 eo
1262 580 1392 622 porro
1431 566 1661 609 similiores
1699 569 1800 609 sunt
1838 565 1912 622 qui

148 640 259 685 faeie
290 654 461 697 quoque
492 640 684 697 p<a>ene
715 638 880 694 eadem,
917 637 1071 681 habitu
1102 638 1313 695 corporis,
1350 638 1443 681 filo:
1485 638 1631 694 itaque
1673 637 1748 694 qui
1789 638 1914 693 plura

150 711 313 756 habent
342 711 508 767 eadem,
552 710 755 755 dicuntur
784 709 1033 766 similiores3
1078 709 1153 765 qui
1191 724 1402 766 proxume
1439 709 1647 753 accedunt
1679 709 1732 752 ad
1765 709 1826 765 id,
1864 711 1913 751 ut

151 783 297 827 omnia
326 783 515 827 habeant
544 782 710 837 eadem,
750 784 960 825 vocantur
991 780 1172 839 gemini,
1213 780 1434 824 simillimi.
1491 784 1592 824 sunt
1625 781 1699 837 qui
1730 780 1810 823 tris
1840 795 1912 823 na-

150 857 270 899 turas
300 869 443 898 rerum
474 856 629 911 putent
660 867 764 908 esse,
795 852 948 909 simile,
979 852 1202 906 dissimile,
1231 855 1445 907 neutrum,
1472 852 1587 909 quod
1619 852 1724 895 alias
1756 854 1913 896 vocant

17 931 22 936 '
97 945 133 974 ιο
150 940 240 971 non
270 926 424 982 simile,
455 926 562 968 alias
592 939 679 968 non
712 923 919 968 dissimile
956 922 1053 982 (sed
1078 923 1274 980 quamvis
1299 924 1385 967 tria
1416 925 1504 967 sint
1536 924 1676 967 simile
1701 923 1913 967 dissimile

149 1001 367 1054 neutrum,
404 1001 548 1041 tamen
578 999 723 1053 potest
755 996 891 1039 dividi
929 996 1057 1039 etiam
1100 996 1143 1038 in
1176 995 1282 1038 duas
1314 999 1458 1052 partes
1491 996 1570 1052 sie,
1611 995 1913 1052 quodcumque

150 1069 345 1113 conferas
377 1072 451 1112 aut
483 1068 620 1114 simile
652 1082 745 1112 esse
777 1071 852 1111 aut
882 1082 969 1111 non
1002 1066 1130 1124 esse)3
1163 1067 1302 1110 simile
1334 1082 1426 1110 esse
1458 1070 1502 1110 et
1533 1067 1753 1122 dissimile,
1785 1067 1822 1109 si
1853 1067 1913 1109 vi-

149 1141 301 1186 deatur
331 1155 424 1184 esse
454 1144 505 1184 ut
534 1140 643 1195 dixi,
673 1142 895 1195 neutrum,
927 1139 963 1182 si
996 1139 1042 1181 in
1072 1141 1270 1182 neutram
1302 1142 1468 1196 partem
1500 1139 1832 1196 praeponderet,
1863 1140 1913 1180 ut

151 1214 188 1257 si
219 1214 326 1257 duae
361 1228 430 1256 res
468 1227 578 1270 quae
615 1212 897 1255 conferuntur
933 1212 1102 1254 vicenas
1143 1211 1305 1254 habent
1341 1213 1486 1267 partes
1525 1214 1567 1253 et
1605 1211 1649 1253 in
1681 1210 1749 1253 his
1781 1210 1913 1253 denas

97 1304 131 1332 u
149 1285 337 1329 habeant
379 1284 566 1340 easdem,
617 1283 746 1327 denas
791 1283 896 1326 alias
947 1283 1001 1326 ad
1045 1282 1372 1326 similitudinem
1423 1286 1466 1325 et
1516 1281 1913 1326 dissimilitudinem

148 1357 342 1414 <a>eque
373 1355 783 1399 animadvertendas.
833 1355 946 1398 hano
977 1357 1176 1398 naturam
1202 1354 1400 1411 plerique
1426 1354 1645 1397 subiciunt
1677 1354 1757 1397 sub
1790 1353 1912 1396 dissi-

149 1428 410 1472 militudinis
434 1442 602 1470 nomen.
654 1441 785 1483 quare
811 1426 1015 1482 quoniam
1040 1426 1172 1483 f[u]it
1203 1429 1251 1469 ut
1276 1427 1422 1482 potius
1454 1426 1506 1469 de
1538 1426 1749 1469 vocabulo
1782 1440 1912 1482 quam

150 1501 202 1544 de
233 1515 279 1543 re
311 1499 604 1544 controversia
635 1513 727 1542 esse
758 1498 970 1550 videatur,
1008 1497 1116 1541 illud
1148 1500 1213 1541 est
1244 1499 1390 1554 potius
1422 1498 1749 1552 advertendum,
1781 1511 1913 1553 quom

150 1572 290 1616 simile
322 1571 427 1628 quid
457 1584 549 1614 esse
581 1571 758 1626 dieitur,
797 1570 942 1627 [quin]
974 1569 1043 1612 eui
1074 1570 1188 1626 parti
1220 1569 1361 1612 simile
1399 1570 1567 1613 dicatur
1605 1584 1696 1612 esse
1734 1568 1800 1627 (in
1829 1569 1913 1611 hoc

96 1661 132 1689 20
150 1645 265 1687 enim
296 1642 407 1687 solet
437 1657 529 1686 esse
560 1641 717 1700 error),
762 1641 877 1698 quod
914 1643 1060 1698 potest
1090 1641 1183 1684 fieri
1221 1644 1271 1683 ut
1302 1641 1433 1685 homo
1465 1641 1632 1684 homini
1670 1640 1811 1683 simile
1844 1641 1913 1694 sit,

148 1730 238 1759 non
263 1716 334 1770 sit,
357 1717 408 1758 ut
425 1714 585 1758 multas
604 1714 742 1771 partis
761 1713 919 1756 habeat
939 1712 1095 1756 similis
1122 1716 1165 1755 et
1191 1713 1288 1756 ideo
1310 1713 1395 1756 diei
1419 1714 1559 1769 possit
1580 1713 1734 1755 similis
1753 1712 1912 1755 habere

151 1787 311 1843 oeulos,
330 1801 495 1842 manus,
515 1786 656 1843 pedes,
682 1787 745 1830 sio
769 1785 876 1829 alias
901 1799 968 1828 res
995 1786 1227 1841 separatim
1254 1788 1296 1828 et
1322 1800 1408 1828 una
1432 1785 1588 1842 plures.
1621 1786 1767 1841 itaque
1794 1784 1912 1840 quod

151 1858 383 1916 diligenter
407 1857 637 1901 videndum
669 1860 734 1900 est
759 1858 805 1901 in
829 1857 982 1913 verbis,
1015 1871 1122 1913 quas
1153 1857 1291 1913 partis
1323 1859 1366 1900 et
1400 1858 1509 1912 quot
1540 1855 1678 1899 modis
1712 1858 1912 1912 oporteat

152 1929 307 1974 similis
338 1929 497 1973 habere
527 1931 666 1986 <quae
699 1928 1026 1972 similitudinem
1058 1928 1244 1983 habere>
1275 1927 1490 1983 dicuntur,
1521 1930 1571 1970 ut
1596 1927 1711 1970 infra
1735 1942 1913 1983 appare-

98 2018 133 2046 ὀ
151 2002 235 2056 bit,
278 2001 315 2044 is
352 2001 474 2044 locus
510 2002 694 2044 maxime
732 2000 924 2044 lubricus
962 2002 1037 2043 est.
1101 2000 1204 2055 quid
1236 2001 1350 2043 enim
1382 1999 1568 2042 similius
1600 2002 1746 2055 potest
1778 1998 1911 2042 videri

153 2073 398 2130 indiligenti
429 2087 558 2128 quam
590 2073 675 2115 duo
706 2072 838 2115 verba
868 2072 975 2115 haec
1012 2072 1102 2114 suis
1134 2075 1176 2114 et
1209 2071 1328 2115 suis?
1378 2085 1487 2126 quae
1519 2085 1607 2113 non
1639 2073 1757 2126 sunt,
1796 2070 1912 2126 quod

153 2144 337 2188 alterum
370 2143 496 2200 [non]
535 2144 751 2200 significat
781 2158 923 2199 suere,
963 2144 1147 2186 alterum
1179 2157 1310 2185 suem.
1363 2143 1510 2197 itaque
1543 2142 1701 2185 similia
1732 2142 1912 2185 vocibus

153 2230 246 2259 esse
271 2230 321 2258 ao
346 2214 525 2272 syllabis
557 2216 824 2270 eonfitemur,
855 2214 1083 2258 dissimilia
1114 2229 1205 2257 esse
1235 2213 1432 2271 partibus
1464 2213 1672 2256 orationis
1705 2213 1912 2269 videmus,

67 2341 70 2344 V
154 2287 271 2344 quod
295 2287 478 2330 alterum
503 2287 634 2331 habet
658 2290 866 2343 tempora,
891 2287 1074 2329 alterum
1102 2300 1238 2341 casus,
1270 2300 1379 2340 quae
1405 2285 1512 2327 duae
1539 2300 1606 2328 res
1631 2286 1700 2327 vel
1725 2285 1912 2328 maxime

100 2377 136 2404 so
155 2359 403 2402 discernunt
428 2359 659 2416 analogias.
710 2358 813 2401 item
838 2357 1150 2414 propinquiora
1176 2371 1330 2414 genere
1356 2358 1470 2400 inter
1494 2371 1538 2399 se
1564 2356 1694 2398 verba
1726 2356 1912 2399 similem

274 2516 318 2548 27
342 2513 397 2558 Cf.
419 2515 502 2556 177,
522 2515 589 2559 Isq
664 2513 725 2558 Ap
726 2513 834 2549 ollon.
855 2513 898 2547 de
917 2517 1047 2548 constr
1069 2513 1120 2547 II
1128 2523 1167 2557 Ρ
1190 2514 1271 2554 141,
1297 2514 1319 2546 4
1346 2511 1425 2547 Um.
1447 2512 1526 2556 (τοῦ
1546 2508 1679 2556 ὁμοίου
1698 2508 1912 2559 ἀκολουθίᾳ

155 2561 370 2607 ἀντιπαραβ
371 2559 547 2596 άλλονται
568 2525 643 2595 oc‘i
637 2524 761 2603 λέξεις,
787 2560 853 2595 καὶ
873 2561 906 2595 εἰ
923 2566 1046 2605 τοῦτο,
1071 2565 1150 2601 πῶς
1175 2560 1219 2595 οὐ
1245 2558 1406 2605 μάταιον
1423 2557 1465 2595 τὸ
1493 2557 1674 2616 διάφορα
1688 2557 1779 2604 μέρη
1797 2547 1913 2603 λόγου

156 2561 511 2654 ἀντιπαραβάλλειν·
547 2607 659 2644 οὐδὲν
691 2608 732 2643 δὲ
758 2608 930 2652 ἐκώλυεν,
962 2607 1092 2653 ἐπειδὴ
1123 2607 1189 2643 καὶ
1219 2607 1430 2652 προσώπων
1464 2603 1699 2650 διακριτικόν
1734 2606 1834 2642 ἐστιν
1867 2603 1911 2641 τὸ

156 2653 300 2701 μόριον,
325 2655 487 2700 ἀντιπαρ
490 2654 660 2692 aegaeas
682 2654 751 2696 τὰς
776 2654 908 2700 φωνὰς
931 2661 1006 2692 τῶν
1031 2654 1218 2701 ῥημάτων,
1243 2655 1308 2690 καὶ
1328 2653 1424 2691 οὕτω
1450 2653 1563 2690 πάλιν
1588 2653 1656 2695 τὰς
1675 2651 1913 2699 ἀντωνυμίας

154 2708 222 2739 τοῦ
248 2702 399 2744 δέοντος
422 2702 682 2749 περιγράφειν)

279 2854 300 2886 6
326 2851 400 2887 ἀίει
419 2852 560 2887 Lae-hm
579 2851 670 2888 duee
690 2851 783 2888 Mae
802 2851 911 2899 (<et>
933 2850 1009 2897 filo)
1028 2853 1039 2897 ΙΙ
1066 2855 1085 2886 ’1
1106 2832 1274 2898 proxime
1294 2853 1305 2897 ΙΙ
1331 2854 1352 2886 8
1381 2850 1603 2886 -Simiuimi-
1631 2853 1642 2896 ΙΙ
1671 2854 1713 2885 13
1740 2850 1911 2886 dixineu-

157 2901 237 2935 tru-
265 2899 297 2934 si
322 2900 333 2944 11
360 2903 404 2934 15
430 2898 628 2946 [habeant]
654 2898 737 2944 Sp„
761 2899 845 2943 fort.
865 2903 975 2936 recte:
999 2900 1076 2935 nisi
1099 2900 1196 2945 quod
1215 2900 1301 2935 inde
1321 2903 1432 2935 antea
1456 2898 1684 2944 habe<a>nt
1708 2898 1873 2943 corrigas
1897 2899 1910 2942 ΙΙ

162 2992 204 3024 18
231 2989 294 3034 φῇ
322 2991 412 3031 (non
437 2989 515 3034 φῇ)
541 2990 552 3034 ΙΙ
579 2991 622 3023 19
644 2999 693 3033 qn
713 2987 790 3024 oui:
817 2989 886 3025 secl
905 2987 965 3033 Sp.
988 2990 1035 3033 (et
1053 2999 1135 3024 corr
1154 2987 1257 3034 quoi)
1277 2989 1288 3033 ΙΙ
1314 2990 1359 3022 20
1384 2998 1434 3033 sq.
1462 2987 1585 3022 simile
1611 2986 1676 3022 sit
1705 2990 1729 3020 ᾗ
1754 2986 1820 3022 sit·
1847 2987 1912 3029 ut,-

159 3035 295 3072 similis
323 3037 389 3082 (sic
412 3038 448 3082 v)
472 3046 548 3071 non
569 3035 629 3079 sit,
656 3037 696 3071 at
715 3035 778 3081 Sp.
798 3037 809 3081 ΙΙ
828 3039 874 3071 24
899 3036 1147 3082 supplevimus
1166 3035 1307 3083 (<quae
1327 3034 1469 3070 similia
1494 3035 1603 3082 esse>
1630 3034 1726 3080 Sp.):
1751 3035 1797 3078 cf.
1826 3036 1912 3078 176,

158 3085 220 3127 27,
241 3085 290 3120 al.
317 3085 329 3130 ΙΙ
354 3087 398 3119 27
424 3095 475 3130 sq.
502 3082 607 3119 '‘esse
632 3082 802 3119 'uocibus
827 3085 1031 3129 (incertiore
1054 3082 1086 3128 ¹)

1938 789 1961 822 5
