2144 3340
326 131 462 194 xxxn
1013 160 1383 196 PROLEGOMENA

325 268 376 309 cf.
411 267 597 324 Spengel
632 266 784 323 praef.2
811 282 850 323 p.
882 268 1040 323 XIIsq.
1101 268 1324 311 Turnebus
1364 283 1459 312 cum
1493 270 1631 312 adfert
1667 271 1720 313 ad
1751 270 1791 313 V
1812 271 1869 314 60
1902 273 2068 316 ‘terram

326 339 497 394 corpus]
528 340 590 381 ita
619 342 666 380 ut
694 340 829 392 reperi
858 340 905 381 in
938 340 1173 393 Victoriam
1199 343 1236 382 et
1265 341 1546 383 excudendum
1576 341 1747 398 curavi’,
1780 342 1922 385 codice
1948 342 2069 394 ‚Pari-

326 409 419 451 sino
452 424 504 451 ex
534 409 657 452 libris
691 408 730 451 S.
758 409 948 452 Victoris
980 425 1084 452 usus
1116 413 1198 466 est,
1229 425 1356 466 nunc,
1387 414 1437 452 ut
1469 411 1652 467 videtur,
1684 413 1920 469 deperdito:
1953 413 2070 470 quod

326 483 467 521 tamen
507 495 556 522 eo
594 481 771 522 minoris
810 483 874 522 est
911 482 1136 536 momenti,
1178 483 1292 537 quod
1329 481 1579 525 Basiliensis
1622 484 1759 538 ipsius
1797 485 1925 527 huius
1967 485 2069 528 libri

328 551 607 607 apographon
638 565 728 593 esse
759 551 938 594 videtur.

444 633 717 675 Deteriorum
748 634 958 676 librorum
984 649 1137 690 agmen
1169 635 1293 677 ducat

447 718 512 759 13.
545 718 635 760 cod.
664 715 1020 772 Guelferbytanus
1053 717 1139 760 896
1165 717 1245 775 (M
1261 717 1511 774 Spengelii),
1538 719 1695 761 saeculi
1719 719 1802 762 XV
1828 718 1933 777 (non
1952 720 2069 776 XIV,

326 791 375 830 ut
417 788 552 830 Ebert
595 789 699 831 dicit
741 789 787 830 in
830 788 1064 844 catalogo),
1115 804 1241 844 quem
1286 789 1466 831 Mueller
1508 790 1706 832 adhibuit
1749 805 1801 832 ex
1841 793 2070 834 collatione

329 858 658 915 Schneidewini,
702 862 801 915 post
842 859 1026 916 Spengel
1071 861 1256 902 excussit
1301 859 1372 918 (cf.
1404 860 1555 915 praef.²
1585 877 1623 916 p.
1651 860 1794 917 VIII),
1838 862 1911 917 qui
1954 862 2070 905 hun'c

325 931 462 972 multa
494 945 602 985 quae
634 931 678 972 in
704 932 854 972 ceteris
881 946 983 973 sana
1006 932 1211 987 leguntur
1236 931 1464 986 depravata
1492 932 1693 983 exhibere
1719 933 1927 988 exemplis
1952 947 2070 988 aper-

325 1002 505 1043 tissimis
538 1002 857 1044 demonstravit.
920 1001 1013 1052 Quo
1046 1017 1142 1044 cum
1173 1002 1283 1044 libro
1317 1003 1472 1045 artiore
1503 1002 1674 1045 vinculo
1707 1003 1904 1046 cohaeret

390 1096 396 1101 “
449 1085 515 1126 14.
548 1085 638 1127 00(1.
672 1084 907 1127 Vaticanus
942 1084 1055 1127 1556
1101 1083 1258 1142 (Vatic.
1292 1102 1318 1127 α
1348 1086 1563 1142 Muelleri;
1606 1101 1643 1128 v.
1687 1086 1821 1141 praef.
1863 1102 1903 1142 p.
1932 1085 2071 1142 XIII),

328 1170 454 1210 quem
497 1156 686 1210 inspexit
717 1155 913 1198 Muelleri
956 1158 1111 1212 rogatu
1141 1144 1286 1198 ’Olaus
1317 1156 1594 1199 Kellermann
1637 1155 1881 1213 (immerito.
1917 1159 2070 1212 quarto

328 1226 493 1268 decimo
527 1226 695 1269 saeculo
722 1226 980 1282 adscribens,
1012 1242 1271 1282 quamquam
1298 1228 1558 1282 astipulante
1579 1226 1890 1285 Antonibono).
1942 1226 2072 1270 Cuius

325 1298 425 1340 libri
471 1298 714 1340 simillimos
758 1312 848 1339 esse
893 1299 976 1340 duo
1020 1298 1127 1340 alios
1158 1298 1392 1340 Vaticanos
1436 1296 1628 1355 (15.16)
1672 1301 1855 1341 testatur
1893 1296 2072 1342 Mueller

324 1384 364 1423 p.
386 1367 505 1422 XIII,
536 1371 586 1410 111
617 1369 708 1423 ‘qui
738 1368 893 1410 horum
926 1370 1121 1411 codicum
1152 1385 1285 1411 unum
1312 1386 1339 1411 οε
1368 1369 1609 1424 001111110111,
1641 1384 1788 1412 01111108
1815 1370 2071 1413 contulerit’.

331 1438 576 1494 Scripturas
608 1440 938 1495 discrepantiam
970 1440 1208 1495 publicavit
1237 1440 1502 1482 Antonibon.

449 1516 514 1559 15.
548 1517 638 1560 cod.
666 1517 901 1560 Vaticanus
934 1518 1050 1559 2942
1083 1517 1241 1574 (Vatic.
1272 1519 1301 1572 β
1333 1517 1528 1560 Muelleri
1561 1534 1602 1574 p.
1625 1517 1769 1574 XIII),
1812 1518 1913 1560 anni
1946 1517 2072 1574 1457,

330 1603 382 1630 ex
413 1603 498 1643 quo
531 1588 738 1631 Muellero
782 1588 988 1631 lectiones
1030 1589 1144 1631 haud
1180 1603 1338 1645 paucas
1379 1590 1589 1644 excerpsit
1622 1581 1753 1631 Olaus
1785 1589 2072 1632 Kellermann.

331 1659 433 1701 Fuit
464 1659 567 1702 olim
599 1660 739 1702 Fulvii
772 1659 932 1702 Ursini.
995 1659 1057 1702 Cf.
1086 1675 1194 1715 quae
1226 1660 1279 1702 ad
1314 1660 1369 1702 14
1401 1660 1606 1717 diximus3
1638 1661 1767 1702 etiam
1800 1660 1851 1702 de

450 1737 514 1779 16.
561 1737 651 1779 cod.
688 1736 895 1781 Vaticano
928 1737 1043 1779 3308
1078 1736 1232 1794 (Vatic.
1264 1753 1292 1791 γ
1329 1737 1525 1779 Mueller-i
1570 1753 1611 1791 p.
1638 1736 1779 1794 XIV),
1822 1737 1924 1779 item
1970 1737 2073 1778 olim
2126 1734 2130 1740 ’

326 1807 469 1850 Fulvii
499 1808 660 1850 Ursini.

448 1885 514 1927 17.
559 1885 626 1926 Ex
667 1885 745 1927 tali
788 1885 898 1927 libro
942 1886 1100 1940 pendet
1141 1884 1407 1940 Pomponius
1450 1880 1607 1927 Laetus
1654 1883 1769 1941 (vide
1806 1885 1875 1926 32.
1908 1883 1983 1941 33)
2028 1884 2075 1926 in

330 1955 518 1998 editione
548 1957 649 1998 anni
691 1957 821 2012 14713
865 1956 916 1998 cf.
948 1970 1056 2011 quae
1088 1956 1286 2011 exposuit
1318 1954 1527 2011 Spengel2
1556 1971 1595 2010 p.
1623 1955 1727 1998 XIV
1758 1955 1851 1997 adn.
1919 1955 2071 2006 Quam-

329 2042 456 2082 quam
500 2027 629 2068 etiam
674 2029 847 2082 proprio
886 2027 1023 2069 Marte
1061 2027 1197 2069 multa
1234 2027 1426 2079 novavit,
1471 2027 1585 2069 bono
1618 2026 1834 2069 interdum
1865 2040 2074 2081 successu,

329 2099 449 2140 cuius
493 2098 667 2140 inventa
708 2098 754 2140 in
797 2098 1015 2155 vulgatam
1060 2098 1268 2140 abierunt.
1343 2097 1551 2153 Exempla
1590 2098 1834 2153 composuit
1866 2095 2076 2154 Spengel²

327 2184 367 2224 p.
387 2168 666 2211 XIV—XVI.

450 2247 515 2289 18.
548 2246 632 2290 Hic
657 2246 812 2289 merito
838 2247 1085 2289 inserendus
1112 2247 1203 2290 cod.
1229 2246 1477 2302 Lipsiensis,
1509 2260 1635 2301 quem
1661 2246 1849 2300 inspexit
1874 2245 1919 2285 in
1949 2258 2074 2287 usum

327 2318 524 2360 Muelleri
561 2317 678 2360 Iahn.
750 2317 878 2361 eHic.
901 2318 1068 2360 ..liber
1099 2317 1383 2372 Pomponiani
1426 2319 1513 2358 tam
1555 2316 1708 2358 similis
1746 2318 1811 2358 est
1850 2316 1974 2371 eique
2005 2330 2074 2358 ex-

331 2390 466 2444 ceptis
504 2389 728 2431 minutulis
767 2389 1022 2444 quibusdam
1054 2388 1365 2431 mutationibus
1397 2390 1484 2429 tam
1516 2401 1661 2442 presse
1693 2386 1895 2429 adhaeret
1925 2388 1976 2427 ut
2005 2386 2075 2428 vel

332 2475 385 2502 ex
417 2460 565 2502 eodem
591 2461 883 2515 manuscripto
909 2460 1019 2502 libro
1046 2461 1125 2516 vel,
1156 2460 1272 2514 quod
1296 2459 1433 2501 multo
1458 2458 1727 2513 probabilius
1753 2460 1829 2513 est,
1860 2472 1913 2499 ex
1936 2457 2073 2513 ipsius

332 2531 562 2587 Pomponii
594 2532 827 2587 exemplari
858 2531 1140 2586 transcriptus
1172 2544 1261 2572 esse
1292 2529 1502 2572 videatur'
1537 2528 1737 2587 (Mueller
1767 2543 1808 2584 p.
1827 2526 2002 2584 XXIX).

454 2615 520 2657 19.
553 2629 604 2657 ex
639 2615 784 2657 codice
817 2614 1005 2657 eiusdem
1036 2613 1223 2670 generis,
1268 2612 1388 2654 cuius
1422 2615 1523 2654 sunt
1557 2612 1660 2654 libri
1694 2612 1885 2666 13—16,
1916 2611 2074 2667 pendet

332 2686 369 2728 is
401 2686 522 2728 cuius
553 2685 885 2740 discrepantiam
922 2685 1208 2740 pertinentem
1248 2698 1382 2739 usque
1413 2684 1467 2726 ad
1497 2682 1560 2726 IX
1587 2683 1642 2726 74
1671 2682 1825 2725 Petrus
1855 2681 2074 2724 Victorius

333 2757 513 2799 editioni
555 2756 827 2812 Gryphianae
871 2756 971 2798 anni
1004 2755 1118 2799 1535
1161 2755 1390 2811 adscripsit
1432 2752 1767 2812 (B'Spengelii).
1841 2752 1923 2803 Qui
1965 2752 2076 2795 liber

333 2827 622 2870 recensionem
661 2828 853 2869 continet
888 2827 969 2869 viri
1001 2827 1330 2882 haudquaquam
1363 2825 1542 2881 indocti,
1583 2826 1659 2880 qui
1689 2839 1767 2880 pro
1798 2823 2074 2866 fundamento

334 2898 488 2940 habuit
519 2899 709 2940 codicem
742 2913 832 2940 non
861 2898 1045 2940 multum
1078 2898 1292 2940 diversum
1324 2912 1348 2938 a
1378 2896 1555 2951 familia,
1586 2896 1706 2937 cuius
1738 2895 1824 2937 dux
1855 2897 1920 2936 est
1952 2892 2076 2935 Guel-

333 2969 603 3024 ferbytanus,
643 2970 715 3011 sed
753 2972 802 3011 ut
842 2969 970 3011 simul
1009 2969 1171 3012 adscita
1211 2969 1268 3010 sit
1305 2968 1436 3011 editio
1467 2967 1589 3011 Laeti
1621 2970 1663 3010 et
1699 2966 1965 3009 coniecturae
2001 2965 2074 3007 ad-

336 3040 450 3082 ditae
481 3040 533 3081 ab
565 3040 659 3095 ipso
691 3040 904 3083 interdum
937 3041 1041 3083 scite
1073 3040 1356 3097 excogitatae,
1399 3039 1569 3095 saepius
1600 3037 1916 3081 audacissimae.
1979 3035 2073 3086 Quo
