2176 3386
842 135 987 173 LIBER.
1010 134 1044 171 v
1069 138 1211 172 (ιτ-74
1851 132 1908 175 23

152 263 251 294 eum
281 248 444 294 amittit
467 261 517 290 ac
542 247 746 305 frigescit.
797 245 850 290 ab
876 245 992 304 ignis
1017 245 1103 288 iam
1128 244 1290 287 maiore
1316 244 1358 286 vi
1384 257 1433 286 ac
1459 243 1664 287 violentia
1689 242 1909 286 Volcanus

152 321 304 366 (lichia.
353 320 406 364 ab
438 333 488 363 eo
514 318 632 375 quod
663 318 776 375 ignis
801 320 980 375 propter
1011 316 1283 374 splendorem
1314 315 1466 373 fulget,
1497 315 1642 373 fulgor
1672 317 1715 358 et
1745 313 1909 357 fulmen

154 396 199 439 et
227 391 556 451 fulgur<itum>,
587 390 703 447 quod
739 389 921 433 fulmine
952 389 1087 433 ictum
1119 387 1345 431 contrariis
1377 387 1471 430 diis.
1533 387 1587 430 ab
1619 401 1754 443 aquae
1786 387 1909 441 lapsu
1937 396 1979 429 ’τι

149 465 320 512 lubrico
351 463 541 520 lympha.
595 461 774 519 lympha
805 459 987 504 Iuturna
1012 474 1120 517 quae
1146 460 1329 503 iuvaret:
1361 459 1509 515 itaque
1534 458 1661 501 multi
1686 459 1908 516 <a>egroti

116 554 134 583 s
152 539 331 594 propter
358 535 402 579 id
434 548 590 578 nomen
621 533 723 577 hinc
754 547 909 588 aquam
939 534 1086 588 petere
1112 530 1264 575 solent.
1320 546 1345 574 a
1370 530 1565 575 fontibus
1591 533 1634 574 et
1659 530 1910 573 fluminibus

151 622 202 653 ac
231 609 384 652 ceteris
415 606 539 663 aquis
565 606 645 662 dei,
677 608 726 648 ut
749 604 978 648 Tiberinus
1009 603 1062 646 ab
1088 603 1247 659 Tiberi,
1277 606 1321 646 et
1351 602 1405 646 ab
1431 603 1528 647 lacu
1554 601 1699 645 Velini
1725 601 1910 656 Velinia,

151 682 198 725 et
237 679 442 737 lymphae
478 676 705 733 †comitiis
743 677 796 719 ad
834 676 974 719 lacum
1022 674 1304 719 Cutiliensem
1342 689 1367 717 a
1404 677 1642 730 commotu,
1688 673 1805 730 quod
1847 673 1909 716 ibi

150 750 294 796 insula
324 751 370 794 in
400 764 512 806 aqua
543 751 848 793 commovetur.
909 746 1151 804 Neptunus,
1183 746 1298 803 quod
1330 761 1447 790 mare
1478 748 1614 789 terras
1647 745 1831 788 obnubit
1862 748 1912 788 ut
1937 756 1981 788 72

152 822 289 867 nubes
322 822 507 878 caelum,
537 820 592 864 ab
623 823 782 877 nuptu,
814 820 856 862 id
890 822 955 863 est
987 819 1224 876 opertione,
1255 821 1304 861 ut
1334 818 1516 874 antiqui,
1547 833 1571 860 a
1603 817 1688 874 quo
1720 818 1910 873 nuptiae,

97 913 134 942 ιο
152 897 315 952 nuptus
341 894 494 936 dictus.
545 892 713 936 Salacia
744 891 939 948 Neptuni
971 892 1024 935 ab
1057 891 1161 934 salo.
1210 889 1384 933 Venilia
1415 905 1440 932 a
1464 890 1674 933 veniendo
1707 904 1756 932 ac
1782 892 1910 932 vento

150 966 242 1022 illo,
267 980 395 1022 quem
421 964 602 1008 Plautus
627 964 751 1020 (oisc.
770 967 825 1007 14
838 964 917 1019 sq.)
945 963 1066 1007 dicit:
1093 963 1227 1019 ‘quod
1252 962 1313 1005 ibi
1338 962 1449 1005 dixit
1474 963 1549 1018 qui
1575 962 1761 1005 secundo
1781 964 1910 1004 vento

150 1042 298 1082 vectus
336 1039 402 1081 est
437 1036 677 1092 tranquillo
707 1037 835 1091 mari,
864 1037 1042 1078 ventum
1079 1034 1275 1091 gaudeo?
1338 1034 1520 1077 Bellona
1552 1034 1605 1077 ab
1639 1033 1752 1076 bello
1783 1047 1911 1088 nunc,
1938 1043 1983 1076 73

153 1124 262 1166 quae
292 1108 508 1152 Duellona
538 1123 563 1150 a
594 1107 748 1151 duello.
811 1107 930 1150 Mars
961 1106 1014 1149 ab
1048 1121 1097 1150 eo
1131 1106 1248 1162 quod
1279 1105 1468 1148 maribus
1506 1106 1552 1148 in
1581 1105 1698 1148 bello
1730 1108 1911 1161 praeest,

153 1185 230 1225 aut
269 1181 384 1237 quod
431 1179 603 1224 Sabinis
643 1181 846 1236 acceptus
886 1178 948 1222 ibi
989 1181 1055 1222 est
1094 1177 1292 1221 Mamers.
1355 1176 1560 1228 Quirinus
1601 1193 1625 1220 a
1657 1176 1910 1229 Quiritibus.

99 1271 133 1299 ιο
154 1253 307 1296 Virtus
350 1256 400 1296 ut
442 1252 610 1295 Viritus
654 1266 678 1293 a
721 1250 939 1294 virilitate.
1014 1249 1165 1293 Honos
1208 1250 1262 1293 ab
1308 1249 1531 1306 [honesto]
1576 1263 1720 1292 onere:
1765 1250 1911 1304 itaque

151 1325 383 1369 honestum
427 1324 586 1367 dicitur
629 1323 745 1379 quod
788 1325 1025 1378 oneratum,
1069 1325 1112 1365 et
1156 1322 1317 1364 dictum
1361 1320 1496 1377 (Com.
1525 1323 1581 1375 fr.
1606 1336 1652 1376 p.
1684 1324 1769 1363 147
1801 1319 1910 1375 R.³):

154 1397 278 1440 ‘onus
304 1398 370 1438 est
401 1395 541 1439 honos
567 1396 643 1451 qui
674 1395 858 1438 sustinet
881 1408 972 1438 rem
999 1394 1246 1450 publicam?
1298 1392 1488 1436 Castoris
1513 1407 1671 1436 nomen
1696 1406 1912 1450 graecum,

153 1467 344 1511 Pollucis
383 1482 410 1510 a
442 1466 633 1524 Graecis3
673 1467 718 1510 in
756 1466 906 1510 latinis
943 1466 1102 1509 litteris
1132 1465 1350 1508 veteribus
1380 1479 1540 1508 nomen
1577 1464 1693 1520 quod
1735 1467 1810 1519 est,
1850 1465 1912 1506 in-

150 1540 359 1587 scribitur
390 1541 439 1581 ut
469 1539 760 1594 Πολυδεύκης
791 1537 1009 1594 Polluces,
1041 1552 1130 1581 non
1158 1540 1209 1580 ut
1239 1551 1354 1580 nunc
1384 1537 1553 1580 Pollux.
1616 1535 1856 1580 Concordia
1887 1551 1912 1578 a

99 1630 137 1658 20
156 1611 284 1656 corde
304 1613 579 1668 congruente.
624 1609 818 1665 Feronia,
837 1609 1044 1661 Minerva,
1063 1607 1332 1652 Novensides
1358 1624 1382 1651 a
1404 1608 1586 1652 Sabinis.
1631 1607 1761 1664 paulo
1787 1607 1913 1650 aliter
1939 1618 1983 1650 74

275 1746 292 1777 1
316 1741 371 1785 Cf.
386 1741 588 1787 Auyustin.
608 1740 643 1775 d.
657 1751 685 1776 c.
701 1740 736 1776 d.
758 1741 842 1776 VII
855 1742 903 1776 16
922 1739 1064 1786 (ignem
1082 1739 1214 1774 mundi
1235 1767 1243 1775 .
1259 1767 1266 1775 .
1284 1767 1290 1774 .
1311 1751 1386 1775 non
1406 1738 1665 1775 violentiorem
1685 1737 1810 1783 qualis
1824 1737 1913 1773 Vol-

154 1789 239 1826 cani
265 1791 353 1835 est):
378 1801 409 1825 v.
430 1789 568 1835 Ayahd
588 1799 626 1833 p.
647 1790 722 1824 210
746 1789 757 1834 ΙΙ
783 1791 803 1823 2
833 1788 887 1832 Cf.
909 1788 1008 1824 cht.
1030 1788 1148 1824 Pauli
1165 1789 1227 1830 92,
1242 1790 1288 1823 17
1307 1787 1547 1834 (fulguritum
1571 1787 1613 1822 id
1631 1786 1732 1832 quod
1757 1786 1815 1821 est
1840 1785 1912 1820 ful-

153 1837 254 1873 mine
278 1837 411 1883 ictum)
436 1841 470 1872 et
495 1839 555 1879 92,
573 1839 645 1880 21;
668 1837 769 1872 Non.
795 1839 879 1878 430,
900 1839 966 1878 16;
992 1836 1083 1871 Isid.
1105 1836 1223 1871 XIII
1242 1838 1278 1879 9,
1297 1839 1340 1879 1;
1371 1835 1448 1871 TG.
1467 1846 1496 1871 s.
1523 1834 1650 1881 fulgeo
1685 1835 1696 1879 ΙΙ
1730 1837 1752 1868 4
1780 1834 1834 1878 Cf.
1862 1834 1913 1869 ad

162 1885 244 1921 VII
251 1887 302 1921 87
323 1885 327 1932 Ι
353 1884 408 1928 01’.
422 1884 520 1921 Serv.
541 1886 582 1920 in
595 1885 687 1920 Aen.
703 1884 797 1920 XII
806 1887 877 1920 139
896 1883 971 1929 (cui
990 1893 1126 1919 nomen
1146 1893 1168 1918 a
1188 1883 1353 1918 iuvando
1373 1885 1430 1918 est
1448 1883 1626 1928 inditum)
1645 1884 1656 1927 11
1677 1886 1697 1917 6
1719 1882 1776 1925 Cf.
1795 1882 1823 1929 ἕ
1841 1884 1913 1926 29;

154 1932 251 1969 Serv.
271 1934 313 1968 in
333 1933 426 1968 Aen.
448 1933 556 1968 VIII
569 1935 615 1969 31
623 1946 637 1976 ,·
663 1932 754 1968 Isia.
776 1932 894 1968 XIII
905 1934 967 1975 21,
979 1933 1030 1967 27
1054 1932 1066 1977 ss
1093 1935 1112 1966 7
1141 1931 1196 1976 Cf.
1218 1931 1318 1967 Fest.
1332 1931 1450 1967 Pauli
1468 1934 1525 1974 51,
1539 1934 1584 1974 8;
1610 1931 1711 1966 Ptin.
1731 1931 1806 1966 III
1821 1932 1913 1973 109;

154 1981 312 2027 Dionys.
334 1981 425 2016 Hal.
446 1981 474 2016 Ι
489 1984 534 2016 15
553 1981 564 2025 ΙΙ
583 1983 605 2015 8
618 1991 669 2025 sq.
691 1979 748 2024 Cf.
767 1981 868 2016 Don.
887 1981 930 2015 in
950 1980 1039 2015 Hec.
1060 1979 1127 2015 IV
1140 1982 1175 2022 4,
1190 1982 1237 2015 34
1255 1979 1410 2025 (nubere
1431 2007 1438 2014 .
1455 2007 1462 2013 .
1479 2007 1487 2014 .
1508 1980 1566 2014 est
1585 1977 1723 2024 operiri
1741 1978 1912 2024 tegique3

153 2027 252 2064 unde
279 2030 318 2064 et
341 2028 473 2073 nubes,
497 2028 599 2072 quod
623 2029 751 2074 tegere
777 2027 900 2063 solent
924 2026 1082 2071 caelum,
1108 2026 1318 2073 dicuntur);
1344 2027 1484 2063 Arnob.
1505 2028 1581 2062 III
1600 2029 1645 2062 31
1673 2025 1789 2071 (quod
1814 2036 1914 2070 aqua

154 2074 274 2111 nubat
292 2078 432 2111 terram
453 2074 667 2120 appellatus
687 2075 755 2119 est,
775 2074 963 2120 inquiunt,
984 2074 1346 2121 cognominatusque
1366 2074 1600 2120 Neptunus);
1626 2075 1717 2109 Isid.
1733 2073 1798 2109 IX
1818 2075 1852 2116 7,
1867 2076 1914 2108 10

154 2140 200 2154 =
225 2123 261 2159 d.
292 2123 389 2167 offic.
415 2124 467 2159 ΙΙ
485 2126 547 2166 20,
567 2126 591 2158 6
599 2136 613 2166 ;
643 2123 678 2159 d.
709 2127 786 2158 nat.
813 2134 882 2158 rer.
909 2122 1086 2158 XXXII
1103 2124 1130 2158 2
1155 2139 1199 2152 ===
1221 2123 1347 2170 Etym.
1369 2122 1487 2158 XIII
1502 2125 1538 2165 7,-
1554 2124 1580 2156 2
1611 2121 1723 2163 (unde
1750 2123 1788 2156 et
1812 2120 1913 2166 Nep-

154 2172 279 2215 tunus,
305 2170 406 2216 quod
431 2170 561 2214 nubat,
587 2171 627 2205 id
653 2172 710 2206 est
735 2180 838 2205 mare
862 2171 1001 2205 terram
1020 2171 1140 2216 tegat)
1147 2184 1161 2214 ;
1187 2170 1284 2206 Fest.
1307 2171 1423 2205 Pauli
1443 2173 1525 2213 184,
1539 2173 1582 2213 4;
1606 2170 1707 2205 Fest.
1729 2168 1832 2211 1701’,
1844 2171 1893 2204 24
1901 2182 1914 2211 ;

153 2219 252 2256 Serv.
277 2220 320 2255 in
344 2220 438 2255 Aen.
465 2219 534 2254 XI
555 2221 602 2254 77
610 2232 623 2261 ,·
652 2218 730 2254 TG.
758 2229 785 2254 s.
813 2217 970 2263 nuptiae
995 2218 1007 2264 ΙΙ
1040 2221 1084 2252 10
1097 2229 1148 2263 sq.
1176 2218 1232 2261 Cf.
1267 2219 1384 2254 Varro
1409 2229 1469 2264 ap.
1496 2218 1696 2264 Λαμπετίη.
1723 2217 1758 2252 d.
1785 2218 1851 2252 civ.
1877 2216 1911 2252 d.

162 2267 245 2303 VII
262 2268 314 2303 22
347 2265 511 2312 (Venilia
545 2266 646 2301 unda
680 2268 738 2302 est
772 2277 867 2311 quae
904 2265 952 2301 ad
986 2265 1076 2301 litus
1108 2265 1228 2310 venit,
1255 2265 1403 2302 Salacia
1435 2276 1533 2310 quae
1565 2265 1604 2300 in
1636 2264 1756 2300 salum
1780 2264 1914 2309 redit),-

152 2314 250 2351 Serv.
288 2315 330 2350 in
361 2315 453 2351 Aen.
486 2315 515 2350 I
540 2317 634 2357 144,·
676 2314 773 2350 Serv.
809 2314 910 2350 Dan.
943 2315 985 2349 in
1016 2313 1108 2349 Aen.
1143 2313 1184 2348 X
1215 2316 1264 2349 76
1308 2312 1511 2359 (Salaciam
1551 2324 1573 2348 a
1611 2311 1725 2358 salo)‚·
1767 2311 1845 2348 ΤΘ.
1884 2323 1911 2348 s.

153 2361 306 2398 Venilia
329 2363 340 2407 ΙΙ
367 2366 411 2397 12
439 2361 495 2406 Of.
517 2362 601 2398 VII
619 2364 667 2397 49
675 2376 688 2406 ;
716 2361 812 2398 Fest.
827 2361 944 2397 Pauli
969 2364 1028 2405 33,
1048 2364 1094 2405 8;
1118 2361 1224 2398 schol.
1252 2361 1343 2398 Stat.
1370 2361 1474 2397 Theb.
1499 2362 1533 2397 V
1554 2364 1624 2397 155
1649 2360 1762 2407 (bello
1789 2361 1914 2405 nata);

154 2410 353 2456 Auyustin.
380 2410 414 2446 d.
435 2420 464 2446 c.
485 2410 518 2445 d.
541 2410 607 2446 IV
626 2412 675 2446 24
701 2412 748 2454 (v.
770 2409 906 2456 Ayahd
932 2409 1038 2445 ‘Ant
1063 2420 1131 2445 rer.
1153 2409 1240 2446 (1ίυῖ
1264 2421 1302 2455 p.
1324 2412 1436 2455 181),·
1463 2409 1544 2445 GL.
1566 2410 1643 2445 III
1660 2411 1746 2452 497,
1761 2411 1805 2451 6,·
1836 2407 1911 2444 TG.

153 2468 182 2494 s.
208 2456 364 2493 Bellona
394 2459 405 2503 ΙΙ
438 2460 482 2493 13
510 2457 566 2501 Cf.
594 2457 692 2493 Fest.
719 2457 838 2494 Pauli
862 2459 944 2500 131,
964 2459 1012 2493 12
1037 2456 1212 2504 (Mamers
1240 2485 1246 2492 .
1269 2485 1276 2492 .
1299 2485 1307 2493 .
1332 2457 1373 2492 id
1399 2459 1457 2492 est
1482 2457 1614 2503 lingua
1639 2455 1736 2493 Osca
1761 2456 1875 2501 Mars)
1902 2457 1913 2501 ΙΙ

156 2508 200 2541 14
228 2505 284 2550 Cf.
309 2505 360 2541 ad
384 2504 412 2552 §⁴
437 2509 493 2541 51.
534 2506 593 2541 VI
613 2508 681 2549 68;
712 2505 810 2542 Fest.
837 2505 955 2541 Pauli
978 2507 1037 2548 49,
1058 2508 1105 2541 10
1129 2505 1166 2551 (a
1191 2503 1346 2548 Quirino
1373 2504 1549 2550 Quirites)
1558 2519 1570 2549 ;
1605 2504 1707 2540 Ovid.
1737 2504 1839 2540 Fast.
1868 2504 1920 2539 II

155 2556 227 2589 477
238 2564 288 2599 sq.
327 2554 339 2599 11
379 2556 422 2588 15
450 2553 505 2598 01.
535 2553 607 2590 Cic.
639 2553 741 2589 Tusc.
768 2553 820 2589 II
840 2555 900 2596 18,
919 2555 968 2589 43
993 2553 1031 2599 (a.
1057 2552 1144 2588 viris
1170 2553 1287 2588 virtus
1312 2564 1449 2588 nomen
1480 2554 1538 2589 est
1569 2553 1776 2596 mutuata);
1808 2551 1912 2587 Lact.

155 2600 199 2636 de
223 2600 314 2646 opis.
336 2599 370 2635 d.
391 2602 452 2644 12,
471 2603 520 2637 16
545 2600 615 2646 (vir
645 2600 776 2646 itaque
800 2601 1039 2646 nuncupatus
1065 2602 1140 2644 est,
1166 2601 1267 2646 quod
1291 2601 1412 2637 maior
1436 2601 1476 2636 in
1502 2611 1546 2636 eo
1572 2601 1626 2636 vis
1652 2601 1710 2636 est
1735 2610 1848 2645 quam
1874 2599 1914 2634 in

155 2647 297 2683 femina
322 2649 361 2684 et
385 2647 474 2684 hinc
498 2648 616 2684 virtus
642 2658 777 2684 nomen
804 2648 986 2695 accepit);
1011 2648 1101 2684 Isid.
1118 2649 1187 2684 XI
1206 2651 1242 2692 2,
1257 2651 1304 2684 17
1315 2660 1366 2693 sq.
1392 2650 1404 2695 ΙΙ
1431 2652 1475 2684 15
1486 2660 1536 2694 sq.
1561 2649 1615 2693 Of.
1638 2648 1729 2684 Gen.
1752 2648 1803 2683 II
1817 2650 1850 2690 3,
1871 2650 1915 2690 3;

156 2696 355 2742 Auyustin.
383 2696 417 2731 d.
444 2707 472 2732 c.
500 2695 534 2731 d.
562 2697 627 2731 IV
648 2699 696 2732 21
706 2710 718 2739 ;
749 2696 845 2732 Serv.
877 2697 920 2732 in
945 2696 1037 2732 Aen.
1066 2697 1094 2732 I
1111 2698 1186 2732 289
1210 2714 1254 2726 =
1282 2697 1373 2732 Isid.
1407 2697 1485 2741 diff.
1512 2699 1587 2732 285
1619 2698 1630 2741 ΙΙ
1665 2699 1707 2731 19
1738 2696 1791 2739 Cf.
1821 2695 1910 2730 Isid.

157 2743 198 2778 X
221 2746 269 2779 37
294 2747 462 2789 (concors
488 2754 511 2779 a
536 2743 799 2779 coniunctione
825 2743 961 2790 cordis)

275 2866 296 2897 2
316 2861 445 2908 fulgur
465 2862 586 2899 Canal
602 2863 614 2908 11
634 2865 655 2896 3
678 2863 718 2898 ·&
737 2862 893 2918 fulgur-z
912 2863 1022 2909 suppl
1041 2863 1143 2899 Turn
1161 2864 1173 2908 ΙΙ
1192 2867 1213 2898 4
1233 2863 1380 2909 limpha
1399 2864 1455 2900 bis
1472 2865 1483 2910 ΙΙ
1501 2866 1521 2898 6
1542 2862 1685 2909 Velini]
1710 2863 1756 2907 cf.
1778 2862 1812 2896 d.
1832 2873 1860 2897 r.
1883 2873 1912 2897 r.

157 2910 234 2946 III
251 2911 326 2954 2,3
354 2910 359 2955 1
388 2910 531 2946 ceteras
551 2920 671 2955 aquas
701 2912 712 2956 ΙΙ
739 2913 759 2944 7
785 2909 853 2945 lun
879 2909 906 2945 h
956 2912 961 2954 1
989 2909 1222 2947 Commotiae
1247 2923 1270 2947 v
1299 2913 1310 2957 11
1343 2915 1363 2946 8
1390 2923 1491 2947 mare
1519 2912 1556 2946 et
1581 2912 1700 2945 terras
1727 2909 1821 2946 Laet
1850 2909 1912 2953 (cf.

157 2957 250 2993 Isia.
276 2960 369 3001 test.)
395 2958 406 3003 ΙΙ
434 2961 477 2993 10
502 2957 652 2993 uenelia
678 2959 689 3003 ΙΙ
717 2961 758 2992 11
773 2969 824 3004 sq.
850 2957 862 2992 i
891 2958 903 2993 i
951 2957 1016 2993 ille
1041 2958 1133 2994 codd
1160 2959 1294 2995 Plauti
1316 2964 1349 2995 et
1374 2969 1477 2994 mare
1508 2960 1519 3004 ΙΙ
1552 2962 1596 2994 15
1621 2958 1695 2993 uiri
1726 2957 1801 2992 ius:
1834 2968 1915 2993 corr

157 3004 243 3041 Scal
269 3006 274 3050 1
302 3005 420 3041 honos
445 3017 491 3042 ex
514 3005 633 3041 honor
661 3006 664 3051 ῐ
693 3006 763 3042 secl
786 3005 888 3041 Woel
932 3006 974 3041 in
998 3006 1010 3052 ΙΙ
1038 3009 1081 3041 19
1107 3005 1383 3052 pollideuceps‚
1407 3007 1470 3043 sed
1495 3018 1519 3051 p
1545 3010 1629 3042 ante
1655 3017 1672 3040 s
1697 3005 1832 3041 lineola
1858 3005 1915 3039 del

156 3063 203 3088 m.
222 3055 248 3088 2
272 3058 316 3089 ut
332 3053 413 3088 vid:
444 3063 527 3089 corr
546 3053 644 3090 Rhoz
666 3056 669 3097 ξ
698 3064 795 3088 nuns
820 3055 831 3098 Η
857 3056 902 3088 20
930 3053 1122 3089 Minerua·
1148 3053 1383 3090 Nouensides
1410 3065 1432 3089 a
1458 3054 1599 3089 sauinis
