2176 3386
329 119 416 162 222
678 119 999 162 RELIQVORVM
1023 120 1086 155 DE
1113 120 1437 156 GRAMMATIGA
1462 121 1714 157 LIBRORVM

330 227 449 271 *²⁸97
483 226 558 285 (77
594 227 750 285 [293]).
806 228 1131 271 Archilochium
1162 228 1299 271 Varro
1339 229 1447 272 illud
1479 230 1582 273 dicit
1614 231 1728 286 quod
1760 234 1825 274 est
1863 231 1966 276 tale:
2007 233 2074 276 ‘ex

541 299 742 342 litoribus
772 302 1053 355 properantes
1083 300 1264 342 navibus
1295 301 1527 343 recedunt?

328 369 462 413 *²⁸98
496 370 682 414 ‘carmen
706 370 895 413 Pierides
927 370 1091 413 dabunt
1122 371 1316 414 sorores?
1361 372 1398 413 si
1424 371 1563 414 dicam
1595 372 1805 428 ‘lepidae',
1835 366 1978 429 palam
2009 377 2074 417 est

542 441 734 496 profecto
761 441 875 497 quod
902 442 958 484 sit
982 455 1057 497 pes
1084 445 1354 499 anapaestus3
1380 442 1520 485 insero
1548 457 1648 500 ergo
1675 444 1864 499 spondeo
1886 444 2074 487 medium

543 515 671 568 atque
697 513 973 567 consequenti
998 513 1082 556 hoc
1106 527 1262 555 nomen
1289 512 1504 569 ‘lepidae':
1531 515 1581 556 fit
1607 529 1732 557 omne
1757 514 1861 557 tale:
1888 515 2074 559 ‘carmen
2111 535 2128 562 5

542 583 708 639 lepidae
739 583 927 626 Pierides
959 583 1122 626 dabunt
1160 585 1356 627 sorores'.
1418 584 1576 627 idcirco
1616 600 1749 643 genus
1787 586 1870 629 hoc
1900 585 2075 629 Phalae-

544 654 706 697 ciorum
732 655 799 697 vir
831 655 1104 697 doctissimus
1135 655 1431 711 undecumque
1450 656 1589 698 Varro
1623 657 1675 699 ad
1706 656 1845 714 legem
1877 657 2075 715 redigens
2150 700 2152 702 ,

546 726 785 769 ionicorum
816 725 917 768 hinc
947 728 1071 768 natos
1103 726 1164 768 ait
1195 741 1297 782 esse,
1329 727 1402 769 sed
1426 727 1624 770 minores.
1646 763 1653 770 .
1675 762 1712 770 ..
1764 728 1877 783 quod
1909 731 2077 772 metron

548 796 712 839 soleant
753 797 880 852 pedes
921 798 1040 840 iones
1079 811 1194 840 nunc
1229 797 1381 855 longas
1419 798 1620 841 brevibus
1657 800 1891 855 brevesque
1927 802 2077 854 contra

543 867 707 909 alterna
731 868 823 910 vice
855 868 1164 911 commodando
1196 868 1339 925 longis
1365 884 1533 912 versum
1567 870 1760 913 claudere
1792 885 1918 926 saepe
1944 870 2074 913 ditro-
2094 890 2131 917 10

544 938 696 981 chaeis.
758 953 835 981 nec
866 939 1024 981 mirum
1060 942 1180 994 puto,
1211 940 1380 995 quando
1415 940 1551 983 Varro
1584 955 1730 984 versus
1761 941 1858 997 hos,
1889 944 1938 984 ut
1969 941 2076 984 dixi-

545 1024 652 1065 mus,
684 1024 735 1051 ex
766 1010 863 1052 ione
894 1012 1021 1052 natos
1053 1010 1290 1067 distinguat
1320 1026 1497 1054 numero
1529 1012 1685 1067 pedum
1716 1013 1914 1056 minores.

332 1079 454 1122 *²³99
488 1079 596 1138 (78).
660 1081 924 1136 scripserunt
944 1115 953 1124 .
975 1116 981 1123 .
1003 1117 1010 1124 .
1031 1082 1164 1124 latine
1196 1081 1246 1124 de
1276 1083 1466 1125 numeris
1497 1083 1543 1125 hi
1564 1116 1572 1124 .
1595 1117 1601 1124 .
1623 1117 1631 1125 .
1652 1082 1789 1126 Varro
1812 1117 1820 1126 .
1841 1118 1848 1125 .
1870 1118 1878 1126 .

330 1150 373 1208 (²¹⁸
381 1150 424 1209 ³⁸)
435 1151 521 1194 100
553 1151 690 1208 [294]
753 1154 991 1195 structurae
1024 1153 1252 1207 qualitates
1284 1153 1414 1196 variis
1445 1154 1663 1196 vocabulis
1694 1155 1931 1198 traduntur.
1993 1158 2087 1198 sta-‘

542 1223 749 1265 tuendum
781 1238 952 1278 quoque
983 1226 1048 1266 est
1075 1238 1159 1279 quo
1192 1238 1405 1280 quamque
1430 1239 1575 1268 earum
1600 1227 1772 1268 nomine
1798 1228 2073 1282 appellemus
2095 1245 2130 1272 ιτ.

546 1296 581 1337 si
606 1294 896 1350 paenultimus
921 1295 1052 1338 fuerit
1076 1295 1331 1351 pyrrichiUS,
1358 1297 1519 1351 optime
1545 1297 1733 1339 succedit
1751 1311 1889 1352 paeon
1913 1298 2076 1353 primus

546 1369 589 1408 et
629 1366 712 1408 erit
752 1368 966 1408 structura
1007 1366 1224 1422 quadrata.
1293 1367 1329 1408 si
1369 1367 1655 1422 paenultimus
1695 1368 1825 1411 fuerit
1864 1369 2076 1424 spondeus

545 1440 588 1479 et
619 1438 872 1480 successerit
902 1437 1146 1494 tribrachys
1178 1438 1246 1480 vel
1283 1439 1544 1494 pyrrichius,
1577 1439 1657 1482 erit
1688 1442 1900 1483 structura
1931 1440 2075 1483 incisa.

548 1509 582 1551 si
609 1508 953 1564 p<a>enultimus
980 1509 1110 1551 fuerit
1135 1509 1376 1565 tribrachys
1401 1510 1468 1552 vel
1493 1510 1734 1566 pyrrichius
1763 1515 1806 1552 et
1836 1511 2076 1567 p<a>eones

543 1580 826 1622 successerint
850 1579 1014 1635 primus
1041 1582 1083 1621 et
1106 1579 1378 1636 novissimus,
1404 1581 1486 1623 erit
1516 1582 1692 1636 antiqua
1723 1583 1935 1624 structura
1967 1596 2075 1637 quae
2094 1601 2132 1628 πο

545 1652 701 1694 dicitur
732 1651 995 1707 confragosa,
1033 1665 1117 1706 qua
1154 1665 1255 1693 usus
1287 1654 1352 1694 est
1385 1650 1500 1695 Cato.
1564 1652 1599 1694 si
1630 1652 1676 1694 in
1706 1654 1970 1707 paenultimo
2002 1653 2076 1695 tri-

543 1723 726 1778 brachys
767 1722 898 1764 fuerit
928 1722 995 1764 vel
1027 1722 1221 1778 dactylus
1253 1722 1322 1765 vel
1361 1723 1603 1778 pyrrichius
1643 1726 1686 1765 et
1727 1723 1978 1767 successerit
2007 1724 2077 1766 vel

542 1793 783 1848 tribrachys
820 1794 890 1835 vel
933 1792 1144 1835 molossus
1181 1793 1249 1836 vel
1292 1794 1534 1848 pyrrichius
1572 1795 1640 1836 vel
1683 1797 1951 1851 anapaestus,
1993 1795 2076 1837 erit

545 1868 759 1907 structura
791 1879 899 1920 quae
934 1864 998 1907 vel
1030 1864 1240 1906 delumbis
1274 1864 1342 1907 vel
1373 1865 1490 1907 fluxa
1520 1866 1588 1907 vel
1618 1866 1762 1908 mollis
1794 1866 1960 1921 dicitur,
1992 1881 2076 1921 qua

546 1951 649 1978 usus
683 1935 838 1978 dicitur
868 1935 1083 1978 Antonius
1114 1936 1263 1978 maior.

331 2007 482 2050 **101
512 2005 589 2064 (90
616 2005 774 2064 [266]).
830 2007 999 2062 quando
1037 2008 1291 2062 particulam
1323 2022 1399 2062 pro
1432 2021 1528 2049 cum
1561 2021 1720 2062 ponere
1751 2007 2001 2051 Formianos
2034 2011 2076 2051 et

544 2079 775 2121 Fundanos
807 2078 868 2121 ait
898 2078 1049 2121 Varro.

451 2176 469 2207 1
500 2173 580 2209 GL.
606 2174 633 2207 I
655 2174 798 2215 515,19
823 2171 1133 2216 (‘Archilochium
1160 2199 1167 2206 .
1190 2199 1196 2205 .
1219 2198 1226 2206 .
1252 2171 1459 2206 recedunt'.
1509 2171 1570 2206 hic
1601 2171 1769 2217 superius
1802 2183 1947 2207 comma
1974 2172 2075 2217 quod

331 2221 388 2255 est
412 2219 506 2255 tale:
543 2219 585 2268 <‘
591 2230 636 2255 ex
659 2219 833 2254 litoribus
859 2219 1132 2265 properantes,
1159 2218 1281 2254 simile
1307 2219 1364 2254 est
1394 2218 1452 2253 illi
1478 2219 1577 2264 quod
1603 2221 1660 2255 est
1684 2219 1777 2254 tale:
1770 2219 1807 2267 ·>
1836 2184 1998 2255 ‘Troiadl
2009 2219 2075 2264 qui

330 2267 473 2313 primus
499 2266 546 2302 ab
567 2267 655 2303 oris'
666 2266 856 2301 ·inferius
883 2278 1026 2302 comma
1045 2267 1145 2311 quod
1165 2268 1222 2302 est
1245 2265 1339 2302 tale:
1369 2266 1542 2301 ‘navibus
1560 2266 1768 2310 recedunt’,
1794 2266 1915 2302 simile
1935 2268 1992 2302 est
2015 2266 2075 2302 illi

331 2315 431 2359 quod
457 2316 514 2350 est
538 2315 631 2350 tale.
661 2280 872 2349 &machinae
897 2315 1042 2349 carinas
1047 2314 1092 2359 ’):
1116 2315 1181 2349 ubi
1204 2318 1361 2350 extrema
1386 2324 1525 2359 quoque
1550 2314 1787 2350 Varroniana
1810 2325 1882 2350 esse
1905 2315 2077 2351 videntur

330 2363 501 2407 exemplis
514 2364 736 2408 permutatis
754 2363 765 2407 ΙΙ
784 2366 805 2397 3
828 2361 908 2398 GL.
933 2362 992 2397 VI
1004 2364 1087 2405 409,
1099 2364 1200 2397 2839
1220 2362 1382 2406 (carmen
1405 2389 1411 2396 .
1434 2388 1441 2396 .
1463 2360 1666 2406 .minores)
1691 2366 1725 2397 et
1741 2364 1825 2405 410,
1837 2364 1939 2398 2878
1959 2361 2076 2407 (quod

335 2437 341 2444 .
365 2438 371 2444 .
394 2409 619 2455 .minores);
644 2411 689 2454 ef.
710 2411 796 2456 Auy
798 2410 909 2445 nstin.
936 2410 978 2445 de
1004 2420 1032 2445 c
1058 2409 1093 2444 d.
1122 2409 1178 2444 Vl
1198 2411 1224 2444 2
1248 2410 1259 2454 ΙΙ
1291 2412 1334 2444 13
1364 2408 1443 2444 GL.
1471 2409 1529 2444 VI
1549 2411 1632 2452 573,
1645 2411 1695 2444 22
1720 2409 1781 2455 (de
1806 2408 2076 2455 compositione

331 2458 369 2492 et
402 2456 567 2492 numeris
602 2458 640 2492 et
672 2421 832 2502 pedibus
865 2456 1055 2499 oratoriis,
1089 2458 1132 2491 ut
1158 2455 1284 2492 Cicero
1309 2455 1404 2491 dicit
1427 2456 2073 2501 [or.40.172.175sq.190.194.

331 2507 416 2540 218.
443 2505 554 2551 228]
588 2504 653 2539 isti
688 2504 915 2549 scripserunt
948 2484 1055 2549 apud
1082 2503 1259 2538 Graecos:
1295 2502 1611 2548 Thrasymachus,
1646 2503 1873 2548 Naucrates,
1905 2503 2076 2549 Gorgias,

279 2578 284 2585 .
330 2551 513 2597 Ephorus,
545 2551 738 2596 Isocrates,
764 2551 1004 2595 Theodectes,
1030 2550 1263 2595 Aristoteles,
1289 2550 1502 2586 Theodorus
1539 2550 1759 2596 Byzantius,
1784 2551 2074 2597 Theophrastus,

331 2599 598 2644 Hieronymus3
632 2598 751 2635 latine
786 2599 831 2634 de
865 2599 1029 2634 numeris
1062 2598 1118 2633 hi:
1155 2597 1294 2642 Cicero,
1327 2597 1553 2642 Victorinus,
1588 2598 1782 2643 Eusebius,
1817 2597 2075 2642 Terentianus,

330 2646 467 2690 Varro,
501 2647 660 2691 Probus,
696 2645 902 2690 Charisius,
937 2646 1153 2689 Diomedes,
1186 2645 1456 2690 Quintilianus,
1491 2645 1670 2689 Donatus,
1695 2645 1834 2690 Victor,
1869 2645 2028 2691 Servius)
2062 2647 2077 2692 ΙΙ

336 2697 379 2728 14
409 2694 489 2730 GL.
516 2695 544 2729 Ι
563 2697 646 2737 471,
666 2696 710 2729 31
744 2695 967 2737 (structurae
994 2722 1000 2729 .
1030 2723 1036 2728 .
1065 2721 1072 2728 .
1098 2692 1252 2738 maior);
1294 2693 1339 2737 cf.
1370 2693 1440 2730 oie.
1467 2705 1517 2729 or.
1543 2696 1618 2729 212
1643 2711 1687 2722 =
1717 2693 1797 2729 GL.
1826 2694 1885 2729 VI
1904 2696 1987 2737 567,
2006 2696 2076 2737 30;

332 2742 360 2776 I
378 2744 521 2785 468,1;
548 2742 607 2777 VI
625 2744 781 2785 492,27.
810 2744 931 2785 627,2
955 2742 965 2786 ΙΙ
998 2745 1041 2775 26
1072 2741 1151 2777 GL.
1179 2742 1206 2776 I
1227 2744 1306 2784 111,
1325 2743 1374 2776 23
1400 2740 1562 2786 (quando
1585 2769 1591 2776 .
1613 2769 1620 2776 .
1643 2769 1650 2775 .
1670 2740 1798 2776 Varro.
1825 2740 1920 2823 {sed
1945 2742 1983 2777 et
2007 2740 2074 2776 alii

331 2789 442 2834 suppl
460 2788 575 2836 Keil>
601 2788 746 2824 faciunt
776 2799 844 2824 nec
876 2789 956 2824 sine
982 2788 1150 2833 exemplo
1172 2816 1179 2823 .
1202 2816 1209 2823 .
1232 2816 1238 2823 .
1259 2788 1392 2823 vitium
1422 2790 1549 2823 tamen
1580 2798 1660 2823 esse
1691 2799 1766 2823 non
1797 2788 1847 2822 du
1874 2788 1953 2823 ium
1982 2789 2076 2833 est),-

332 2836 378 2879 cf.
401 2836 498 2872 Fest.
517 2838 622 2880 258⁸,
641 2839 690 2872 32

451 2921 470 2953 9
496 2918 612 2954 hunc:
639 2930 721 2955 coro
736 2919 914 2965 Micyllus
945 2920 956 2964 ΙΙ
988 2922 1032 2953 10
1045 2930 1094 2964 sq.
1122 2919 1169 2954 de
1194 2917 1397 2953 trochaeis:
1423 2929 1504 2954 corr
1517 2918 1658 2955 Samen
1688 2920 1699 2964 ΙΙ
1732 2921 1776 2953 15
1802 2929 1989 2963 quamque
2019 2918 2076 2954 vel

331 2976 557 3011 unaquaque
575 2967 586 3011 Η
606 2969 650 3001 19
660 2978 711 3011 sq
732 2976 869 3011 peones
888 2967 957 3012 (vel
974 2967 1126 3011 poenes)
1150 2965 1397 3000 successerint
1415 2967 1469 3001 vel
1488 2977 1584 3012 peon
1603 2966 1823 3001 successerit
1841 2966 1852 3011 ΙΙ
1872 2968 1915 3000 26
1928 2976 1978 3011 sq.
1998 2965 2073 3000 for-

331 3012 479 3048 mianus
505 3015 543 3049 et
567 3013 770 3048 fundanius
797 3013 852 3048 ait
875 3015 918 3048 ut
942 3013 1074 3049 Varro:
1101 3024 1181 3049 corr
1194 3013 1282 3048 Keil
