2176 3386
846 166 1228 207 ADNOTA‘HONES
1828 165 1916 210 263

282 287 353 337 65,
374 287 429 327 28
443 296 499 335 sq.
530 282 771 325 Vortunalia
796 285 831 322 et
848 282 1051 323 Vortumo
1070 282 1145 330 (sic
1169 280 1374 330 euml-³⁰)
1392 280 1495 330 quod
1520 282 1574 318 est
1598 280 1641 318 in
1666 281 1917 331 apoyraphis,

161 354 232 394 etei
262 353 309 392 in
332 352 375 392 F
394 353 491 402 quin
523 351 709 391 exstiterit
739 361 819 389 non
843 349 1081 394 dubiiamus,
1114 350 1243 387 tamen
1269 346 1322 386 ad
1348 347 1528 396 pnsewm
1553 347 1703 394 tmpus
1723 348 1917 395 pertinere

157 429 367 469 sommus:
391 417 405 456 1
429 419 593 457 testatur
615 416 658 456 F
680 414 773 455 VII
793 414 850 454 45
875 416 910 454 et
932 414 1038 454 Fest.
1056 413 1177 452 Pauli
1203 413 1310 459 379,
1328 413 1359 452 2
1382 423 1471 451 eum
1494 411 1743 451 calendariis.
1777 412 1917 462 Itaque

159 483 386 525 addmdaem
422 483 492 522 hoe
528 482 712 531 empln's
748 492 850 530 qnae
875 479 1106 529 Weissbrodt
1142 477 1352 518 Commorat.
1381 477 1480 527 phil.
1507 477 1592 517 Ien.
1627 477 1692 515 VI
1710 478 1742 517 2
1758 490 1801 527 Ρ.
1832 479 1917 517 160

158 549 318 599 muoyit,
341 549 409 598 qm·
432 549 527 588 haee
550 550 587 587 et
608 547 693 587 ala'a
718 558 764 587 ex
789 546 982 586 Varronis
1006 545 1134 585 codiee
1158 544 1317 593 adferre
1335 544 1472 593 potuit.

280 621 350 671 66,
369 622 407 661 4.
438 622 534 660 vino
556 621 656 660 reete
679 620 802 659 omitti
825 629 914 658 ewm
931 618 1052 657 Pmai
1070 617 1186 657 Festo
1211 619 1293 656 tam
1315 616 1506 655 sementia
1523 615 1668 664 probat
1690 627 1809 665 quam
1833 627 1917 655 ver·

157 698 228 727 sus
261 681 422 741 (septen.
446 686 564 727 iamb.
590 697 680 725 ewm
703 684 852 735 duplici
881 683 1158 723 alliteratione:
1191 677 1340 721 novtim
1364 683 1480 720 vetus
1505 677 1645 720 vim'1m
1669 680 1780 721 bibo:
1812 694 1915 721 novo

160 748 287 794 veteri
311 752 450 793 morb'o
474 748 646 798 medeor,
669 751 738 791 abi
762 747 889 790 veteri
914 760 1018 789 novo
1042 747 1182 788 morbo
1207 743 1370 786 medeor
1386 746 1548 786 Zander
1567 746 1673 786 Vers.
1690 747 1784 786 Ital.
1804 759 1846 796 p.
1862 748 1918 787 45

162 821 197 858 ee
227 820 428 859 saturnios
461 818 675 858 discribens
699 816 782 856 Leo
816 815 863 855 de
895 816 969 855 sat.
987 826 1030 864 p.
1053 815 1130 853 63:
1161 825 1307 853 novom
1332 813 1448 852 vetus
1474 812 1611 851 vinum
1643 811 1755 852 bibo:
1778 809 1793 865 ΙΙ
1817 826 1920 853 novo

161 885 289 924 veteri
315 879 321 939 Ι
348 883 486 923 morbo
511 877 702 937 medeor).

282 956 352 1005 66,
373 957 411 995 5.
442 954 531 995 ideo
555 967 628 1004 pro
653 954 704 994 ab
729 966 776 994 eo
801 953 904 993 Boot
928 953 952 992 l.
978 964 1009 992 s.
1035 964 1066 992 s.
1087 963 1130 1001 p.
1157 953 1255 991 411.

283 1022 353 1071 66,
374 1022 412 1061 9.
447 1020 508 1070 Of.
537 1022 730 1062 Wissowa
756 1017 863 1060 ‘Ges
883 1014 1001 1059 Abla?
1019 1031 1064 1068 p.
1093 1018 1192 1063 157,
1213 1020 1250 1056 1.

281 1087 350 1138 66,
373 1088 426 1127 13
440 1098 519 1136 sqq.
551 1086 665 1126 Nihil
689 1088 765 1135 eqit
782 1085 988 1125 Baehrens
1010 1085 1055 1124 m
1073 1084 1315 1123 Fleckeiseni
1334 1081 1483 1122 Annal.
1506 1081 1700 1122 CXXXI
1712 1081 1769 1131 (a.
1786 1083 1921 1131 1885)

153 1165 197 1203 p.
214 1153 311 1193 795.
339 1152 401 1202 Cf.
416 1153 637 1192 Mommsen
655 1151 764 1193 CIL.
778 1146 827 1190 1²
840 1163 884 1201 p.
896 1152 997 1196 338,
1013 1149 1207 1190 Wissowa
1217 1150 1303 1198 (qai
1322 1148 1369 1187 de
1381 1147 1594 1188 servilibus
1607 1147 1777 1197 dubitat)
1789 1144 1922 1188 ‘Arda

161 1221 190 1269 f.
210 1216 548 1269 Reliqionsyesch?
576 1218 669 1258 VII
688 1218 743 1267 (a.
770 1216 906 1267 1904)
924 1229 967 1267 Ρ.
991 1215 1047 1255 50
1071 1215 1184 1261 adn„
1209 1214 1503 1265 Domaszewski
1527 1214 1620 1253 ibid.
1642 1214 1684 1252 X
1708 1213 1763 1263 (a.
1787 1215 1921 1264 1907)

154 1297 200 1335 Ρ.
220 1286 360 1331 336,4
383 1303 429 1315 =
450 1282 566 1324 ‘Aba
588 1297 620 1324 z.
639 1297 672 1323 r.
692 1280 793 1324 ReL’
821 1282 877 1332 (a.
900 1281 1035 1330 1909)
1054 1293 1098 1331 Ρ.
1122 1282 1220 1327 174,
1235 1282 1261 1320 4
1281 1279 1369 1329 (qai
1394 1279 1602 1319 servilibus
1628 1281 1807 1328 tutatur).
1844 1292 1923 1320 ser-

161 1363 301 1390 vorum
325 1349 432 1390 diem
457 1351 756 1389 commeruerant
779 1349 883 1388 Fest.
897 1348 1019 1388 Pauli
1036 1359 1079 1396 p.
1105 1347 1228 1392 343⁰,
1250 1348 1289 1392 7,
1315 1346 1421 1385 Plut.
1447 1346 1519 1396 Qu.
1538 1346 1589 1386 R.
1617 1347 1714 1386 100.

282 1422 351 1472 67,
373 1424 410 1462 1.
448 1415 701 1476 (annalibus)
726 1433 857 1471 neque
882 1419 1045 1460 statutis
1073 1418 1207 1459 oroth.
1249 1417 1419 1458 necdum
1444 1417 1608 1458 statutis
1635 1417 1773 1458 Ganal.
1818 1431 1923 1458 nune

162 1499 234 1527 neo
258 1487 423 1527 statutis
442 1487 548 1527 Elh's
573 1488 597 1526 l.
617 1498 648 1527 s.
668 1499 699 1526 s.
721 1499 760 1536 p.
782 1487 872 1526 360
891 1485 974 1526 eoll.
1001 1485 1066 1524 VI
1083 1485 1140 1524 62
1164 1487 1200 1524 et
1225 1484 1318 1523 VII
1331 1485 1401 1523 34.
1435 1484 1576 1523 Totwm
1594 1484 1721 1523 locum
1746 1486 1927 1524 tractavit

161 1553 383 1593 Mommsen
405 1552 514 1593 011..
534 1553 565 1591 I
568 1548 585 1574 ²
601 1565 645 1602 Ρ.
661 1552 748 1592 305
774 1554 811 1591 et
828 1546 1095 1591 ‘Staatsreeht’
1115 1549 1175 1589 II
1195 1544 1241 1589 1⁸
1259 1561 1302 1599 p.
1320 1551 1378 1589 40
1391 1550 1483 1589 adn.
1517 1550 1594 1589 Vix
1610 1552 1709 1589 recte
1727 1550 1774 1589 de
1796 1569 1841 1581 =
1860 1550 1923 1589 die

161 1619 361 1668 defendas.
399 1620 500 1659 Mox
522 1618 695 1659 vialibus
721 1619 808 1667 (abi
832 1616 1114 1668 compitalibus
1139 1615 1258 1665 Mae)
1285 1617 1401 1654 etiam
1429 1614 1570 1660 Oanal,
1595 1615 1747 1655 Prdler
1770 1617 1923 1666 mythol.

162 1679 232 1724 R!
248 1697 293 1734 Ρ.
307 1685 395 1724 493
409 1685 520 1731 adn„
540 1686 785 1732 Mommsen;
809 1684 859 1732 ef.
877 1678 1007 1722 Plaut.
1027 1683 1151 1722 Mero.
1167 1681 1268 1727 866,
1292 1681 1400 1721 Serv.
1419 1683 1465 1721 in
1481 1680 1582 1721 Aen.
1596 1681 1679 1719 ΙΙΙ
1697 1683 1794 1721 168.
1816 1683 1926 1728 302,·

162 1751 265 1791 adde
291 1751 485 1791 Wissowa
510 1747 618 1791 ‘Ges
636 1746 755 1790 Abla?
774 1762 818 1799 Ρ.
844 1750 932 1789 237
946 1760 1003 1798 sq.

284 1823 355 1872 67,
374 1823 412 1862 3.
445 1818 700 1875 quot<qu0t>
723 1821 839 1861 annis
863 1820 930 1870 Sp.
956 1819 1066 1870 (item
1087 1821 1155 1865 76,
1178 1820 1247 1866 12,
1266 1818 1357 1868 al.).·
1393 1821 1437 1858 at
1458 1819 1507 1868 ef.
1526 1819 1658 1858 Maer.
1678 1819 1710 1858 I
1731 1821 1799 1866 16,
1815 1821 1853 1865 6,
1873 1821 1923 1859 al.

285 1889 354 1938 67,
375 1889 414 1928 6.
448 1887 508 1937 Of.
537 1889 729 1929 Wissowa
754 1884 894 1936 ‘Belia
917 1899 957 1926 a.
982 1886 1132 1925 Knltus
1157 1886 1194 1925 d.
1221 1881 1286 1924 R?
1306 1897 1350 1934 Ρ.
1377 1886 1467 1924 338
1490 1885 1583 1924 adn.
1609 1886 1649 1924 8.

285 1955 354 2005 67,
374 1954 400 1994 8
414 1966 469 2004 sq.
508 1954 690 1993 homines
723 1948 889 2006 [pagus]
924 1951 1056 1992 Christ
1086 1952 1131 1991 in
1164 1951 1333 1999 Woelffl.
1357 1949 1478 1990 Areh.
1503 1951 1560 1990 II
1589 1952 1676 1991 622
1702 1963 1926 2000 perperam,

163 2031 291 2068 neque
310 2020 454 2060 rectius
478 2031 615 2059 omnes
638 2020 737 2071 pagi
760 2019 871 2058 Mae.

286 2086 356 2135 67,
377 2086 431 2125 13
444 2097 509 2135 sq..
544 2084 605 2134 Gf.
630 2085 853 2124 Mommsen
878 2080 1075 2123 ‘Staatsr.’
1101 2083 1159 2121 II
1182 2077 1227 2121 1³
1245 2094 1289 2131 p.
1317 2083 1375 2121 39
1399 2082 1492 2121 adn.
1528 2081 1614 2131 (abi
1647 2083 1762 2122 habet
1794 2082 1844 2122 ab
1879 2096 1926 2123 eo

165 2151 272 2201 quod
293 2154 328 2189 et
344 2152 483 2190 omittit
502 2151 587 2190 eius
607 2151 766 2190 mensis.
797 2149 848 2188 ab
868 2161 926 2195 00,
946 2149 1049 2198 qaod
1066 2149 1230 2187 meliora
1249 2148 1479 2197 apoyrapha
1495 2159 1576 2187 non
1599 2149 1741 2188 habent
1757 2146 1926 2199 [bonwm

160 2228 236 2266 per
259 2214 334 2266 seJ,
362 2227 408 2256 ex
439 2215 691 2255 deterioribus
721 2214 956 2264 quibusdam
987 2214 1272 2263 exemplaribus
1303 2214 1543 2253 commendat
1560 2213 1785 2253 Antonibon
1804 2227 1846 2263 p.
1867 2215 1925 2253 73

166 2293 254 2321 eum
277 2279 407 2332 [F·];
431 2282 574 2321 seilicet
596 2280 749 2320 Laetus
771 2291 870 2320 usus
896 2282 951 2319 est
973 2280 1073 2319 libro
1098 2270 1270 2319 eiusdem
1294 2279 1495 2319 deterioris
1519 2279 1662 2327 notae).

289 2353 357 2403 68,
378 2354 415 2392 3.
460 2353 524 2393 die
561 2354 601 2393 ize
639 2352 772 2404 quinti
808 2355 844 2392 et
878 2350 1040 2403 septimi
1077 2350 1142 2390 die
1177 2352 1219 2390 te
1250 2353 1465 2400 praeeunte
1505 2350 1673 2390 Chri-etio
1704 2352 1926 2392 Mommsen

169 2415 365 2459 ‘Staatsrf
390 2419 448 2458 II
477 2414 522 2458 1³
538 2432 582 2468 Ρ.
609 2420 667 2459 39
692 2419 784 2458 adn.
811 2417 891 2467 (bis
914 2416 1075 2457 novella.
1098 2428 1187 2457 eum
1210 2429 1234 2456 v
1266 2415 1383 2465 eorr).
1410 2438 1466 2444 —
1491 2413 1620 2469 (aut)
1645 2418 1792 2468 sepssies
1818 2417 1926 2458 dieto

162 2484 328 2524 'Zander
353 2482 483 2525 ‘Vera
509 2482 618 2525 Ital?
643 2497 682 2534 p.
707 2486 778 2525 24.

290 2556 358 2607 68,
380 2557 417 2595 6.
448 2555 491 2595 in
509 2556 648 2596 urbem
666 2552 771 2609 <ex>
789 2556 897 2609 agris
925 2557 990 2596 We·
1009 2550 1071 2609 (at
1088 2551 1139 2606 ef.
1159 2556 1420 2595 testimonium
1438 2555 1636 2595 Macrobii
1661 2555 1730 2606 qui
1755 2556 1796 2594 in
1818 2557 1925 2607 agris

170 2624 302 2661 essent
326 2621 522 2661 confluere
547 2622 590 2660 in
614 2619 784 2676 urbem).

293 2688 363 2736 69,
386 2688 423 2726 2.
458 2686 518 2736 Of.
545 2687 678 2737 Bergk
703 2687 775 2737 ΟΡ.
800 2688 886 2736 ΙΡ.
916 2687 1075 2735 57839.

292 2753 359 2802 69,
382 2753 419 2791 5.
457 2753 520 2792 De
543 2753 729 2803 asyndeto
753 2754 802 2802 εἰ.
827 2752 1015 2792 Ηεέᾱήάι
1035 2765 1078 2802 p.
1106 2753 1162 2791 31
1195 2754 1302 2800 (cum
1328 2752 1521 2791 Muellero
1552 2753 1706 2800 faeimtt
1733 2751 1862 2792 Ganal
1894 2755 1928 2791 et
2004 2741 2010 2748 ’

163 2819 423 2866 'Mommen).

293 2885 363 2934 69,
384 2885 451 2924 10.
483 2883 714 2936 ambigebat
730 2885 876 2934 probat
898 2885 1120 2924 Mommsen
1146 2880 1343 2922 ‘staatsrf
1370 2884 1426 2922 II
1450 2878 1494 2922 1⁸
1511 2894 1554 2931 p.
1583 2883 1638 2922 51
1665 2883 1756 2922 adn.

293 2951 362 2999 69,
383 2951 450 2989 14.
483 2949 544 2998 Of.
567 2949 611 2989 0.
623 2950 851 2999 Hirschfeld
869 2950 1005 2990 Herm.
1025 2949 1141 2989 VIII
1157 2950 1244 2987 469
1258 2961 1360 2998 sqq.‚·
1384 2951 1548 2987 notatur
1564 2949 1667 2997 falso
1685 2949 1747 2987 hie
1765 2951 1800 2987 et
1817 2949 1927 2997 infra

163 3027 243 3065 pro
262 3017 429 3055 vocatur
453 3015 535 3054 eoll.
555 3016 671 3055 Festo
689 3028 732 3064 p.
760 3010 874 3062 165⁶,
895 3016 951 3055 15
975 3016 1185 3055 correxisse
1204 3014 1468 3064 Auqusanum
1496 3015 1668 3062 aliosque
1692 3016 1843 3053 monuit
1859 3013 1926 3063 Sp.

166 3082 297 3130 praef.
317 3094 359 3130 p.
388 3081 623 3130 XXVIsq:
1507 3081 1510 3084 ⁴
