2176 3386
309 122 395 164 202
665 121 985 165 RELIQVORVM
1011 122 1074 157 DE
1101 122 1424 159 GRAMMATICA
1448 121 1701 158 LIBRORVM

739 253 1162 314 QVAESTIONVM
1192 253 1620 298 PLAVTINARVM

1092 335 1221 370 LIBRI
1241 335 1274 371 V

308 480 367 522 49
401 480 509 536 [51].
559 480 740 522 amussis
778 482 843 522 est
873 494 1120 534 aequamen,
1150 479 1456 532 levamentum,
1495 481 1539 522 id
1571 483 1635 522 est
1666 480 1779 536 apud
1814 480 1957 522 fabros
1987 463 2053 523 ta-¹

522 551 625 593 bula
652 550 869 606 quaedam,
896 565 980 605 qua
1005 553 1187 593 utuntur
1211 550 1265 593 ad
1285 565 1385 593 saxa
1410 553 1717 607 coagmentata.
1748 551 1928 594 Plautus
1960 562 1988 587 ὓ
2019 562 2047 588 41·
2084 568 2100 595 ⁶

306 623 366 665 50
400 622 507 678 [52].
552 624 696 664 satura
721 624 786 664 est
810 636 893 664 uva
916 636 1042 677 passa
1067 625 1109 664 et
1133 622 1309 677 polenta
1339 625 1382 664 et
1408 621 1548 664 nuclei
1578 623 1670 677 pini
1701 637 1754 664 ex
1778 622 1916 665 mulso
1948 636 2048 665 con-

523 694 670 748 sparsi.
714 693 767 735 ad
798 693 903 736 haec
934 693 1008 735 alii
1040 693 1201 735 addunt
1233 695 1276 735 et
1309 692 1358 735 de
1391 694 1504 736 malo
1536 693 1698 736 Punico
1731 708 1875 749 grana.

742 858 820 900 DE
855 858 1255 901 SIMILITVDINE
1287 857 1612 902 VERBORVM

1076 939 1206 975 LIBRI
1230 940 1281 975 III
1608 960 1611 962 ·

1158 1011 1201 1054 II
1366 1039 1368 1041 >
2066 1029 2101 1056 10

305 1085 363 1127 51
400 1083 505 1142 (109
532 1082 631 1140 [4]).
674 1083 750 1139 pix
780 1082 1057 1140 singulariter
1089 1082 1256 1125 dicitur.

306 1155 428 1198 *²³52
456 1153 531 1213 (98
554 1153 710 1211 [256]).
747 1154 1007 1211 glossemata
1031 1156 1080 1196 ut
1105 1157 1345 1196 toreumata
1370 1154 1684 1210 enthymemata
1709 1157 1907 1197 noemata
1932 1154 2048 1198 sche-

522 1229 636 1268 mata
661 1227 860 1281 poemata
885 1227 927 1267 et
957 1224 1025 1266 his
1052 1224 1209 1266 similia
1241 1226 1382 1267 omnia
1409 1260 1416 1268 .
1439 1259 1476 1268 ..
1503 1225 1646 1269 dativo
1673 1228 1715 1269 et
1740 1225 1929 1269 ablativo
1955 1225 2046 1282 plu-

520 1298 601 1339 rali
632 1297 678 1339 in
702 1294 812 1339 BVS
846 1295 1002 1353 derigit
1034 1295 1137 1352 (scil.
1165 1294 1345 1354 regula),
1378 1297 1478 1352 quia
1509 1297 1738 1353 singularis
1770 1296 1983 1339 ablativus
2008 1296 2046 1339 E

520 1368 664 1410 littera
694 1368 879 1410 finiatur.
2066 1384 2100 1412 ιι

804 1486 884 1528 DE
911 1485 1222 1530 VTILITATE
1256 1485 1548 1529 SERMONIS

1147 1556 1211 1599 IV

306 1631 364 1674 53
397 1630 504 1688 (110
529 1628 629 1687 [5]).
678 1629 930 1684 aenigmatis
963 1628 1101 1671 Varro
1134 1662 1143 1670 .
1169 1661 1178 1671 .
1204 1662 1214 1671 .
1247 1643 1504 1684 quamquam
1543 1629 1595 1671 ab
1633 1629 1716 1671 hoc
1752 1631 1948 1685 poemate
1978 1629 2046 1672 his

520 1701 789 1757 poematibus
833 1701 971 1743 facere
1016 1700 1184 1755 debeat,
1233 1702 1375 1742 tamen
1419 1700 1716 1743 consuetudini
1760 1703 1803 1742 et
1845 1700 2046 1743 suavitati

424 1799 446 1829 4
471 1795 570 1830 Non.
591 1797 626 1837 9,
640 1796 663 1829 3
689 1792 926 1839 (examussim
952 1792 1091 1828 dicitur
1115 1792 1323 1828 examinate
1349 1793 1397 1828 ad
1421 1792 1591 1839 regulam
1612 1793 1671 1828 vel
1696 1794 1957 1839 coagmentum
1977 1820 1985 1828 .
2006 1820 2014 1828 .
2036 1820 2044 1828 .

305 1842 423 1877 Varro
445 1870 452 1878 .
474 1870 482 1877 .
504 1870 512 1877 .
532 1842 632 1876 idem
650 1840 918 1883 Quaestionum
937 1840 1196 1876 Plautinarum
1214 1840 1279 1876 lib.
1294 1840 1343 1875 II:
1367 1841 1539 1875 ‘amussis
1560 1868 1568 1875 .
1590 1867 1598 1876 .
1619 1868 1627 1876 .
1647 1840 1856 1886 Plautus’);
1873 1841 1920 1885 cf.
1934 1842 2043 1877 Paul.

305 1891 405 1927 Fest.
426 1893 460 1934 6,
475 1892 499 1925 9
505 1904 519 1933 ‚·
548 1889 628 1925 GL.
649 1890 677 1924 Ι
691 1891 772 1932 198,
784 1891 836 1924 26
842 1902 855 1931 ;
885 1888 961 1924 TG.
981 1899 1008 1924 s.
1029 1899 1061 1923 v.
1083 1889 1191 1933 (inter
1209 1889 1288 1924 alia
1311 1888 1464 1933 regulae
1483 1887 1542 1923 vel
1561 1888 1711 1923 tabulae
1732 1887 1868 1933 quibus
1887 1889 2046 1923 utuntur

305 1937 466 1973 artifices
493 1937 541 1972 ad
568 1947 673 1971 saxa:
707 1935 804 1970 unde
831 1934 1047 1971 adverbium
1074 1934 1234 1970 diximus
1261 1936 1498 1980 examussim)
1523 1937 1534 1981 ΙΙ
1561 1940 1580 1970 6
1610 1936 1691 1972 GL.
1711 1937 1740 1971 I
1758 1938 1880 1980 486‚7
1904 1937 2046 1982 (satura

303 1987 431 2020 autem
458 1984 560 2020 dicta
581 2011 588 2019 .
610 2011 618 2018 .
640 2011 647 2019 .
669 1983 744 2019 sive
771 1995 793 2018 a
818 1983 981 2027 quodam
1007 1994 1141 2028 genere
1176 1983 1399 2027 farciminis,
1435 1983 1534 2028 quod
1567 1983 1696 2018 multis
1730 1983 1841 2018 rebus
1865 1983 2044 2018 refertum

303 2034 470 2068 saturam
496 2032 590 2067 dicit
607 2031 723 2067 Varro
751 2030 965 2066 vocitatum.
1010 2031 1067 2066 est
1093 2031 1219 2066 autem
1244 2031 1314 2066 hoc
1338 2030 1504 2076 positum
1529 2031 1568 2065 in
1594 2030 1756 2066 secundo
1780 2030 1876 2065 libro
1903 2030 2044 2066 Plauti-

303 2091 438 2115 narum
463 2079 727 2133 quaestionum
754 2078 897 2132 ‘satura
918 2106 925 2113 .
948 2106 955 2113 .
977 2105 985 2112 .
1006 2078 1185 2132 grana-'fi’
1199 2079 1244 2132 ef.
1265 2079 1362 2133 FJest.
1383 2079 1484 2122 314b,
1502 2081 1552 2114 25
1576 2079 1586 2124 ΙΙ
1614 2082 1656 2113 11
1687 2077 1766 2113 GL.
1787 2079 1816 2113 Ι
1829 2081 1886 2121 91,
1898 2080 1948 2114 26
1959 2077 2045 2132 (pix

303 2127 474 2210 isid?
462 2127 632 2221 [ίὲῗέοῗρῗ
631 2127 710 2209 ῗῗὶ
712 2127 790 2209 ’4ξέ
782 2174 808 2220 J
814 2125 1076 2217 affdXZ‘i'rsZu‘sse
1082 2125 1261 2218 ρῖἒῖἓΐῖ
1264 2125 1623 2219 ῗὲιζζὲἔῧὲῗὲἒηῗ
1631 2137 1835 2218 ’0313sssssz
1851 2125 2044 2217 ῑῖῗέἒὶἲὲ

303 2223 382 2268 (pix
408 2222 555 2269 generis
581 2221 766 2265 feminini,
790 2222 834 2255 ut
846 2220 963 2255 Varro
992 2220 1211 2265 ‘Idaeasque
1236 2221 1390 2266 pices’);
1415 2220 1460 2264 ef.
1484 2220 1565 2256 GL.
1585 2221 1648 2256 IV
1665 2223 1723 2264 31,
1737 2223 1806 2264 30‚·
1830 2220 1862 2254 V
1881 2223 2044 2264 108,14;
2114 2223 2120 2229 ”

303 2271 394 2306 Isid.
422 2270 552 2305 XVII
574 2272 607 2312 7,
622 2272 690 2312 72;
719 2269 797 2304 TG.
823 2279 851 2303 s.
876 2279 908 2303 v.
935 2269 945 2314 ΙΙ
973 2272 1015 2303 12
1045 2268 1125 2303 GL.
1152 2269 1181 2303 I
1200 2271 1342 2312 131,10
1367 2267 1634 2314 (glossemata.
1656 2295 1664 2302 .
1687 2295 1693 2302 .
1714 2267 1840 2302 omnia
1864 2267 2042 2302 Varronis

301 2317 450 2363 regula,
481 2316 606 2361 inquit
630 2316 791 2360 Plinius,
817 2315 943 2350 dativo
964 2343 972 2350 .
994 2342 1001 2350 .
1024 2343 1031 2350 .
1052 2315 1213 2350 finiatur.
1257 2315 1389 2350 melior
1418 2316 1544 2350 tamen
1569 2315 1664 2350 ratio
1691 2316 1747 2350 est
1772 2325 1885 2359 quam
1915 2314 1984 2350 sub
2010 2315 2043 2349 A

301 2365 430 2400 littera
456 2365 543 2399 dedi
567 2364 635 2411 [ef.
663 2364 733 2410 fry.
759 2363 846 2409 53];
878 2364 916 2398 et
946 2363 1030 2398 ideo
1052 2363 1148 2401 haec
1175 2364 1213 2397 et
1237 2362 1316 2397 eius
1341 2362 1443 2397 modi
1469 2374 1513 2397 ex
1538 2362 1614 2397 alia
1638 2361 1799 2397 formula
1828 2361 2043 2406 genetivum

301 2412 486 2458 pluralem
517 2413 556 2446 et
581 2423 625 2446 ex
650 2411 726 2446 alia
751 2410 918 2446 dativum
943 2411 1111 2454 sumunt,
1142 2410 1274 2444 horum
1304 2410 1571 2455 glossematum
1601 2409 1660 2444 his
1687 2409 2043 2492 glossematiffQ;

301 2461 348 2503 cf.
366 2460 446 2495 GL.
462 2461 514 2495 II
533 2462 617 2502 356,
628 2462 677 2495 25
702 2461 712 2504 ΙΙ
741 2462 783 2493 18
813 2458 893 2494 GL.
908 2459 935 2492 Ι
950 2460 1069 2502 123,3
1095 2457 1332 2503 (aenigmatis
1357 2457 1474 2492 Varro
1501 2457 1546 2492 de
1572 2456 1738 2492 utilitate
1765 2467 1943 2492 sermoms
2033 2484 2041 2492 .

302 2507 358 2542 ait
389 2507 489 2542 enim
519 2506 675 2550 Plinius,
707 2516 934 2551 quamquam
954 2532 962 2540 .
984 2532 991 2540 .
1014 2533 1021 2541 .
1041 2504 1292 2549 tribuendam,
1328 2506 1371 2539 ut
1401 2504 1441 2539 in
1471 2504 1604 2540 Aceste
1636 2506 1674 2540 et
1703 2504 1865 2539 Anchise
1896 2503 2043 2540 Maroni

303 2554 465 2590 diximus
491 2554 686 2598 placitum,
712 2554 750 2588 et
775 2553 864 2598 quia
884 2580 892 2587 .
914 2581 920 2587 .
943 2579 951 2587 .
972 2551 1135 2599 alligari)
1142 2566 1156 2596 ,·
1181 2552 1227 2595 cf.
1253 2553 1324 2598 fry.
1350 2554 1397 2587 15
1404 2566 1417 2596 ;
1445 2552 1526 2587 GL.
1551 2553 1580 2587 I
1601 2554 1744 2596 141,29
1769 2552 2040 2596 (poematorum

302 2603 341 2637 et
365 2601 405 2636 in
429 2601 464 2636 II
489 2603 527 2636 et
551 2601 590 2635 in
614 2601 665 2636 III
690 2601 787 2647 [scil.
814 2601 907 2637 libro
932 2601 974 2635 de
1002 2600 1204 2646 poematis]
1229 2599 1329 2634 idem
1354 2598 1471 2634 Varro
1507 2599 1663 2634 adsidue
1691 2598 1784 2634 dicit
1809 2600 1847 2634 et
1870 2599 1929 2634 his
1954 2609 2042 2644 poe-

301 2649 426 2692 matis,
459 2650 653 2693 tamquam
686 2648 914 2683 nominativo
949 2648 1020 2682 hoc
1054 2649 1268 2692 poematum
1299 2647 1349 2682 sit
1374 2648 1412 2682 et
1435 2657 1510 2682 non
1540 2647 1611 2682 hoc
1635 2652 1783 2692 poema)
1790 2660 1804 2690 ,·
1837 2647 1872 2682 V
1891 2649 1972 2690 357,
1993 2649 2041 2682 18

302 2696 458 2743 (Graeca
475 2697 609 2731 neutra
628 2706 723 2740 quae
742 2695 772 2730 E
798 2695 925 2731 littera
949 2695 1120 2739 correpta
1144 2694 1404 2738 terminantur,
1429 2695 1472 2729 ut
1497 2694 1544 2729 ab
1563 2694 1633 2729 hoc
1653 2693 1840 2728 schemate
1861 2721 1869 2729 .
1891 2721 1899 2728 .
1920 2722 1928 2729 .
1948 2693 2041 2729 libe-

300 2756 385 2779 rum
411 2745 468 2778 est
491 2743 598 2778 nobis
625 2745 663 2778 et
688 2744 736 2778 ad
761 2744 927 2779 nostram
951 2742 1120 2788 regulam
1140 2741 1338 2785 declinare,
1364 2743 1406 2776 ut
1431 2742 1563 2776 horum
1588 2741 1902 2777 schematumhis
1929 2741 1967 2776 et
1991 2741 2039 2776 ab

301 2791 360 2826 his
387 2791 650 2833 schematibus,
677 2792 715 2825 et
739 2791 778 2825 in
805 2789 1030 2825 contrarium
1051 2789 1197 2833 ducere,
1223 2789 1312 2833 quia
1337 2790 1464 2824 nostra
1488 2801 1563 2825 non
1583 2790 1681 2833 sunt,
1706 2790 1747 2823 ut
1767 2788 2040 2824 schematorum

300 2838 503 2874 schematis
529 2838 769 2881 declinemus,
795 2838 891 2872 sicut
916 2836 1133 2882 plerumque
1160 2838 1198 2871 et
1222 2834 1261 2870 in
1287 2836 1460 2871 Cicerone
1487 2838 1525 2871 et
1548 2837 1589 2871 in
1613 2835 1778 2871 Varrone
1805 2835 1976 2882 legimus)

423 2925 440 2956 1
452 2932 501 2965 sq.
529 2920 790 2965 quaestionum
807 2919 1067 2955 Plautinarum
1085 2919 1119 2954 V
1137 2920 1214 2954 ind.
1235 2920 1340 2955 Hier.
1359 2920 1370 2965 ΙΙ
1390 2923 1411 2954 5
1431 2919 1728 2965 coagmentanda
1746 2919 1883 2954 Iwnius
1904 2918 1906 2965 Ι
1930 2917 2042 2953 Plau-

301 2970 362 3003 tus
388 2969 458 3004 seel
482 2969 671 3015 Lindsay:
701 2969 766 3003 ubi
789 2969 847 3003 lae
870 2969 904 3003 si
927 2978 953 3002 rc
978 2967 1115 3003 Schoell
1148 2968 1159 3012 ΙΙ
1194 2970 1214 3000 6
1241 2968 1368 3011 satyra
1388 2969 1394 3012 Ι
1423 2966 1527 3012 pinei
1545 2977 1618 3012 pro
1642 2965 1723 3011 pini
1749 2977 1794 3000 ex
1817 2966 1892 3002 Leo
1916 2967 1928 3011 ΙΙ
1953 2969 2039 3011 889.

301 3016 348 3051 de
374 3015 620 3050 similitudine
645 3015 843 3050 uerborum
867 3014 883 3050 1
942 3015 1019 3050 ind.
1045 3014 1149 3049 Hier.
1175 3014 1187 3059 ΙΙ
1214 3017 1256 3048 16
1283 3024 1340 3049 om
1363 3014 1441 3050 ind.
1462 3014 1566 3050 Hier.
