2176 3386
265 230 284 260 3

313 107 369 148 58
944 106 1008 141 DE
1034 104 1219 141 LINGVA
1244 105 1426 141 LATINA

431 216 470 257 2.
520 215 710 258 dicemus
747 215 887 271 primo
926 215 977 257 de
1015 215 1280 269 temporibus
1320 229 1450 270 quam
1489 231 1598 270 quae
1629 230 1705 272 per
1737 231 1786 259 ea
1816 217 1943 272 fiunt,
1983 217 2056 260 sed

311 288 372 330 ita
396 290 445 329 ut
469 289 568 329 ante
595 286 645 329 de
669 289 823 329 natura
849 301 1014 328 eorum:
1047 300 1096 328 ea
1121 285 1235 328 enim
1262 285 1347 328 dux
1378 286 1462 328 fuit
1488 287 1541 328 ad
1565 287 1773 330 vocabula
1798 276 2058 343 imponenda

311 358 489 400 homini.
539 361 709 413 tempus
736 371 827 399 esse
853 357 1002 400 dicunt
1027 356 1356 412 in<ter>vallum
1382 357 1532 400 mundi
1564 358 1643 414 [et]
1678 361 1832 401 motus.
1882 358 1927 401 id
1940 358 2057 402 'divi-

311 445 405 472 sum
446 429 491 471 in
532 431 674 484 partes
715 429 883 484 aliquot
921 428 1105 470 maxime
1143 429 1195 470 ab
1235 428 1337 471 solis
1377 431 1419 470 et
1454 428 1580 471 lunae
1624 444 1761 472 cursu.
1823 430 1967 485 itaque
2004 430 2058 472 ab

311 515 458 543 eorum
491 503 639 542 tenore
670 501 908 554 temperato
941 502 1110 554 tempus
1143 499 1317 554 dictum,
1354 500 1467 542 unde
1497 501 1769 557 tempestiva;
1807 504 1850 543 et
1881 516 1906 543 a
1936 503 2059 544 motu
2097 518 2113 544 5

311 587 458 614 eorum
491 571 566 626 qui
596 573 689 613 toto
717 571 833 613 caelo
861 571 1113 613 coniunctus
1145 571 1340 613 mundus.
1391 570 1473 613 duo
1500 574 1644 614 motus
1670 589 1690 611 *
1713 588 1733 611 ,κ
1755 588 1775 611 *
1803 586 1903 615 casu
1927 571 2062 628 venit,

313 657 398 698 quo
440 645 609 697 tempus.
651 641 696 683 id
736 641 788 684 ab
829 640 912 683 hoc
953 641 1031 684 deo
1073 641 1162 683 dies
1202 644 1454 697 appellatur.
1515 642 1713 685 meridies
1758 642 1810 685 ab
1852 657 1902 686 eo
1944 643 2060 698 quod

314 713 480 755 medius
512 713 612 755 dies.
663 712 702 754 D
729 713 909 768 antiqui,
939 727 1027 755 non
1051 712 1090 755 R
1121 714 1166 755 in
1197 712 1279 755 hoc
1305 713 1513 767 dicebant,
1546 716 1593 756 ut
1617 714 1844 756 Praeneste
1876 714 2059 757 incisum

310 786 356 827 in
388 785 544 827 solario
577 784 677 826 vidi.
740 784 945 826 solarium
977 784 1139 827 dictum
1176 785 1238 840 id,
1278 785 1323 826 in
1361 799 1446 840 quo
1484 785 1615 827 horae
1651 785 1698 827 in
1735 784 1824 841 sole
1861 785 2059 841 inspicie-

309 857 478 912 bantur,
510 856 624 910 quod
650 853 872 897 Cornelius
904 855 948 897 in
979 855 1158 898 basilica
1182 854 1367 898 Aemilia
1400 858 1442 898 et
1466 855 1619 898 Fulvia
1650 855 1923 898 inumbravit.
1974 849 2058 898 diei
2080 873 2114 900 ιο

310 928 572 983 principium
603 941 745 980 mane,
777 927 892 982 quod
922 929 1015 969 tum
1047 930 1192 969 manat
1224 927 1314 969 dies
1346 927 1398 968 ab
1432 927 1613 981 oriente,
1651 927 1735 969 nisi
1766 927 1911 983 potius
1944 927 2058 983 quod

309 998 470 1040 bonum
495 997 663 1053 antiqui
695 997 892 1040 dicebant
917 1013 1104 1053 manum,
1135 998 1189 1040 ad
1220 998 1459 1041 cuiusmodi
1490 998 1744 1055 religionem
1779 997 1928 1041 Graeci
1955 1012 2059 1054 quo-

434 1154 454 1185 3
483 1150 537 1194 Cf.
560 1151 595 1186 V
615 1153 683 1194 12,·
707 1150 803 1187 Stob.
819 1151 900 1186 Eel.
915 1151 943 1185 I
957 1154 993 1194 8,
1007 1153 1056 1186 42
1070 1151 1288 1195 (105,8W.)
1315 1162 1359 1186 ex
1384 1151 1607 1195 Apollodoro
1633 1149 1780 1196 (χρόνος
1805 1150 1879 1186 ἐστὶ
1903 1155 1968 1196 τῆς
1992 1155 2059 1186 τοῦ

309 1195 449 1243 κόσμου
474 1197 652 1242 κινήσεως
677 1196 897 1242 ὃιοὶστασις).·
921 1199 967 1241 cf.
990 1201 1072 1240 104,
1086 1201 1118 1234 7.
1147 1201 1229 1241 105,
1242 1201 1301 1233 20.
1330 1200 1448 1241 106,5
1474 1203 1507 1234 et
1531 1210 1561 1234 v.
1579 1198 1789 1234 Wilmanns
1809 1201 1865 1241 11,
1892 1198 2061 1234 Reitzen-

308 1247 402 1281 stein
427 1248 472 1281 31
499 1246 584 1281 adm.
605 1249 630 1281 2
666 1246 677 1291 ΙΙ
715 1250 800 1290 bsq.
829 1246 883 1289 Cf.
911 1246 1007 1282 Fest.
1030 1246 1146 1281 Pauli
1171 1248 1253 1289 143,
1272 1249 1292 1281 1
1325 1245 1499 1291 (mundus
1528 1275 1534 1281 .
1557 1274 1564 1280 .
1587 1274 1594 1281 .
1617 1275 1623 1281 .
1651 1246 1740 1290 quia
1771 1256 1847 1280 non
1879 1244 1976 1280 alius
2003 1246 2061 1281 est

310 1305 423 1338 quam
448 1293 549 1338 quod.
574 1293 712 1328 moveri
738 1295 875 1339 potest)
884 1307 897 1336 ‚·
923 1294 1012 1329 Isid.
1035 1293 1151 1329 XIII
1166 1297 1198 1337 1,
1214 1297 1233 1328 1
1260 1293 1393 1339 (latine
1419 1304 1442 1329 a
1466 1293 1700 1339 philosophis
1721 1293 1869 1336 dicitur,
1896 1292 1996 1338 quod
2021 1292 2061 1327 in

312 1341 536 1385 sempiterno
556 1341 660 1375 motu
680 1340 764 1386 sit);
790 1341 896 1377 aliter
917 1341 1032 1376 Varro
1051 1346 1119 1376 sat.
1142 1341 1242 1376 Men.
1263 1341 1334 1387 frq.
1347 1343 1424 1377 420
1449 1342 1485 1386 (a
1504 1341 1680 1386 puritia);
1706 1340 1891 1377 Censorin.
1913 1340 1946 1375 d.
1967 1340 2002 1375 d.
2022 1351 2058 1376 n.

309 1391 370 1431 23,
389 1390 449 1433 211
486 1392 567 1433 7sq.
597 1388 652 1432 Of.
679 1389 775 1424 Fest.
804 1389 920 1424 Pauli
953 1391 1048 1431 74,7
1079 1388 1172 1433 (dies
1208 1388 1331 1424 dictus
1366 1389 1466 1433 quod
1501 1388 1620 1424 divini
1654 1388 1704 1423 sit
1739 1388 1861 1433 operis
1900 1387 1976 1423 sive
2011 1388 2059 1423 ab

308 1436 393 1471 Iove
418 1436 497 1471 eius
523 1438 565 1470 ut
590 1436 776 1481 putabant
801 1437 955 1480 rectore,
981 1436 1046 1481 qui
1071 1446 1206 1481 graece
1231 1435 1307 1471 Δία
1333 1435 1580 1481 appellatur),·
1617 1437 1736 1472 Macr.
1764 1437 1792 1471 I
1813 1438 1870 1479 15,
1891 1438 1936 1471 14
1961 1437 2060 1481 (cum

310 1483 433 1519 Iovem
459 1483 687 1528 accipiamus
713 1483 807 1518 lucis
835 1485 1034 1527 auctorem,
1060 1483 1160 1519 unde
1189 1513 1194 1518 .
1218 1513 1224 1519 .
1249 1512 1254 1518 .
1282 1485 1320 1518 et
1346 1483 1538 1519 Cretenses
1559 1481 1635 1519 Δία
1659 1483 1726 1529 τὴν
1752 1482 1894 1529 ἡμέραν
1912 1483 2060 1527 vocant,

307 1531 381 1576 ipsi
408 1542 554 1575 quoque
580 1531 739 1566 Romani
758 1530 985 1576 Diespitrem
1011 1531 1206 1576 appellant
1231 1533 1274 1566 ut
1300 1531 1376 1566 diei
1400 1532 1572 1576 patrem).
1612 1531 1670 1566 De
1688 1531 1774 1566 Iove
1792 1532 1847 1567 vel
1871 1529 2060 1576 Diespitre

309 1590 410 1624 quem
435 1583 748 1614 commemoratum
779 1590 850 1614 esse
874 1580 952 1615 vult
976 1579 1222 1615 Reitzenstein
1246 1582 1304 1623 32,
1338 1579 1383 1623 cf.
1405 1583 1594 1624 praeterea
1619 1579 1669 1614 ad
1693 1581 1753 1622 21,
1767 1582 1812 1614 11
1855 1578 1858 1625 i
1901 1577 1955 1621 Of.
1985 1577 2059 1614 Oie.

312 1638 363 1662 or.
392 1628 464 1661 157
489 1625 695 1672 (meridiem
721 1637 786 1661 cur
810 1637 884 1661 non
909 1625 1170 1669 medidiem?);
1205 1627 1329 1673 Quint.
1356 1627 1384 1661 I
1404 1629 1438 1670 6,
1459 1629 1507 1662 30
1538 1625 1747 1671 (meridiem
1779 1637 1827 1660 an
1858 1625 2061 1661 medidiem

309 1674 482 1718 oporteat
507 1673 733 1719 quaeritur);
759 1674 856 1710 Don.
877 1675 918 1709 in
938 1674 1010 1709 Ad.
1033 1675 1068 1710 V
1087 1677 1120 1717 3,
1135 1677 1182 1710 62
1207 1673 1417 1718 (meridiem
1441 1675 1584 1709 veteres
1610 1674 1784 1708 dixerunt
1810 1673 1919 1718 quasi
1943 1672 2061 1708 medi-

312 1721 410 1756 diem
434 1733 453 1755 r
477 1732 544 1765 pro
571 1721 595 1755 d
620 1721 744 1766 posita
776 1722 929 1766 propter
961 1722 1223 1766 cognationem
1254 1721 1352 1756 inter
1384 1732 1422 1756 se
1454 1722 1586 1756 harum
1618 1721 1842 1765 litterarum)
1852 1735 1865 1764 ;
1892 1721 2011 1756 Macr.
2039 1721 2068 1755 I

309 1771 344 1812 3,
359 1771 404 1804 14
430 1768 492 1814 (ad
517 1768 713 1803 meridiem
738 1769 808 1803 hoc
835 1770 891 1804 est
917 1769 966 1803 ad
991 1769 1158 1804 medium
1184 1768 1295 1814 diei);
1321 1770 1416 1804 idem
1440 1769 1482 1803 in
1506 1768 1628 1805 Somn.
1650 1769 1745 1814 Scip.
1763 1769 1813 1803 II
1828 1770 1862 1811 5,
1878 1771 1926 1803 19
1951 1768 2062 1813 (tam-

310 1827 423 1860 quam
448 1815 602 1860 quidam
627 1815 809 1851 medidies
835 1827 910 1851 una
934 1817 1081 1851 mutata
1106 1816 1234 1852 littera
1253 1817 1428 1852 meridies
1448 1818 1686 1861 nuncupatus
1707 1817 1799 1861 est);
1823 1816 1923 1851 Non.
1939 1818 1998 1858 60,
2014 1817 2061 1851 18

311 1863 524 1909 (manifeste
549 1863 694 1899 medius
722 1863 827 1907 dies).
853 1866 936 1907 451,
952 1867 973 1899 5
981 1878 994 1908 ;
1022 1864 1205 1900 Gensorin.
1227 1864 1260 1899 d.
1283 1865 1317 1899 d.
1337 1876 1373 1899 n.
1394 1866 1454 1907 24,
1469 1866 1491 1898 3
1517 1863 1705 1908 (meridies
1732 1863 1832 1908 quod
1864 1864 1921 1898 est
1946 1862 2062 1898 medii

312 1911 388 1946 diei
418 1912 588 1954 nomen)‚·
619 1912 709 1947 Isid.
737 1912 812 1947 III
831 1914 890 1954 42,
911 1913 933 1945 3
959 1912 1073 1957 (quod
1104 1911 1158 1946 ibi
1184 1911 1240 1946 sol
1271 1911 1363 1946 facit
1394 1911 1559 1947 medium
1585 1911 1708 1955 diem).
1743 1912 1851 1953 V30,
1867 1913 1923 1945 15.
1951 1910 2068 1946 XIII

312 1963 345 2002 1,
361 1962 394 1993 6.
422 1959 547 1994 XVII
567 1961 659 2002 7,2;
688 1959 768 1995 GL.
790 1960 841 1994 II
855 1961 952 2002 35‚2
977 1959 1015 2004 (d
1041 1959 1177 1993 transit
1204 1987 1211 1994 .
1235 1987 1240 1993 .
1264 1987 1270 1993 .
1298 1959 1337 1994 in
1362 1971 1380 1993 r
1407 1987 1414 1994 .
1436 1988 1443 1994 .
1466 1986 1472 1993 .
1499 1958 1700 2003 meridies).
1727 1961 1811 2001 137,
1831 1961 1855 1993 8
1881 1959 1961 2003 (pro
1985 1969 2062 1992 me-

311 2006 432 2041 didies
459 2018 481 2041 a
513 2006 636 2042 medio
669 2006 742 2051 die)
751 2020 765 2050 ;
798 2007 880 2042 VII
901 2009 958 2050 71,
976 2009 1025 2042 23
1059 2006 1267 2052 (meridiem
1297 2017 1364 2052 pro
1395 2006 1519 2041 medio
1552 2006 1648 2050 die);
1680 2007 1742 2042 Ps.
1763 2006 1962 2051 Λαμπετίη.
1993 2005 2060 2051 Qu.

309 2058 373 2089 vet.
394 2058 427 2089 et
451 2066 486 2088 n.
507 2058 581 2089 test.
604 2057 687 2097 108,
703 2056 725 2089 5
752 2056 831 2099 (pro
856 2054 1020 2089 medidie
1045 2054 1202 2089 meridie
1222 2053 1416 2099 dicimus);
1446 2054 1523 2090 ΤΘ.
1542 2065 1571 2090 s.
1585 2065 1616 2089 v.
1643 2055 1653 2099 ΙΙ
1681 2057 1724 2088 10
1745 2053 1886 2089 Eodem
1905 2057 2062 2098 spectare

309 2102 408 2137 Plin.
431 2102 514 2137 VII
531 2104 605 2136 215
637 2103 739 2146 (tunc
775 2101 900 2146 Scipio
929 2101 1067 2136 Nasica
1103 2101 1247 2147 collega
1282 2101 1439 2136 Laenati
1474 2101 1615 2146 primus
1651 2111 1750 2146 aqna
1785 2100 1914 2136 divisit
1951 2100 2062 2135 horas

311 2160 428 2194 aeque
461 2148 629 2184 noctium
658 2160 702 2184 ac
722 2149 867 2184 dierum
891 2149 1005 2194 idque
1023 2149 1266 2195 -horologium
1293 2149 1360 2184 sub
1385 2151 1485 2184 tecto
1513 2148 1652 2183 dicavit
1676 2160 1704 2184 e.
1719 2160 1749 2193 q.
1765 2149 1807 2193 s.)
1836 2148 1956 2183 Canai
1979 2158 2063 2183 con-

310 2197 402 2232 iecit.
444 2196 499 2240 Cf.
517 2197 701 2233 Oensorin.
723 2198 757 2232 d.
779 2197 812 2232 d.
833 2208 869 2231 n.
889 2199 950 2240 23,
964 2199 987 2232 7
1006 2197 1156 2242 (deinde
1182 2196 1377 2242 aliquanto
1403 2198 1488 2242 post
1506 2196 1545 2231 P.
1561 2195 1753 2231 Cornelius
1773 2195 1914 2230 Nasica
1933 2205 2063 2230 censor

310 2255 355 2279 ex
380 2255 478 2288 aqua
511 2244 603 2280 fecit
637 2244 838 2289 horarium,
873 2244 974 2289 quod
999 2246 1038 2280 et
1067 2245 1191 2289 ipsum
1218 2255 1263 2279 ex
1288 2244 1556 2280 consuetudine
1588 2243 1767 2278 noscendi
1793 2253 1815 2277 a
1842 2242 1919 2278 sole
1952 2242 2062 2277 horas

310 2291 486 2326 solarium
506 2292 679 2336 coeptum
698 2292 836 2337 vocari)
863 2293 873 2337 Η
902 2296 943 2327 11
958 2304 1006 2337 sq.
1030 2291 1086 2336 Of.
1107 2292 1203 2328 Fest.
1227 2292 1327 2336 146b,
1341 2294 1391 2327 20
1409 2292 1520 2337 (unde
1539 2291 1714 2326 discimus
1737 2301 1866 2325 manos
1888 2289 2063 2325 Stilonem

309 2339 426 2374 bonos
452 2340 740 2383 interpretatmn)
767 2344 799 2375 et
818 2342 918 2383 158⁸,
933 2342 981 2375 30
997 2351 1078 2375 cum
1091 2341 1212 2375 Paulo
1235 2342 1314 2383 159,
1329 2342 1352 2375 7
1377 2340 1541 2384 (manare
1568 2337 1685 2373 solem
1710 2337 1859 2382 antiqui
1885 2337 2063 2372 dicebant

310 2398 395 2421 cum
420 2385 508 2422 solis
535 2386 688 2422 orientis
714 2387 812 2422 radii
838 2386 1075 2432 splendorem
1099 2387 1222 2422 iacere
1249 2387 1469 2432 coepissent,
1495 2396 1518 2420 a
1543 2396 1616 2430 quo
1642 2386 1680 2420 et
1706 2385 1849 2421 dictum
1875 2384 2063 2430 putabant

309 2444 430 2469 mane.
470 2433 536 2468 alii
557 2434 700 2469 dictum
719 2446 827 2469 mane
853 2436 990 2480 putant
1009 2434 1057 2469 ab
1078 2445 1120 2469 eo
1140 2435 1240 2479 quod
1259 2445 1412 2469 manum
1436 2433 1577 2469 bonum
1596 2432 1786 2478 dicebant)
1794 2446 1807 2476 ;
1833 2433 1931 2468 Fest.
1947 2432 2066 2468 Pauli

310 2484 395 2525 122,
409 2485 441 2517 4.
474 2484 552 2524 125,
568 2485 623 2517 14.
651 2485 734 2525 147,
750 2485 816 2526 13;
841 2482 936 2518 Serv.
964 2484 1006 2517 in
1031 2483 1123 2518 Aen.
1150 2483 1179 2517 I
1198 2485 1268 2518 139
1294 2484 1353 2527 (=
1374 2482 1463 2516 Isid.
1486 2481 1522 2516 V
1541 2483 1600 2523 30,
1620 2483 1676 2517 14.
1710 2480 1752 2515 X
1770 2482 1860 2523 140,-
1893 2480 1939 2524 cf.
1961 2479 2070 2514 VIII

311 2533 368 2572 11,
388 2531 495 2575 100),·
520 2528 616 2565 Serv.
637 2531 740 2565 Dan.
768 2531 810 2565 in
829 2530 920 2565 Aen.
941 2531 1074 2573 1110;
1099 2529 1195 2565 Serv.
1223 2530 1264 2564 in
1284 2530 1374 2565 Aen.
1402 2530 1454 2564 II
1465 2531 1553 2564 268.
1580 2529 1656 2563 III
1676 2531 1744 2571 63;
1771 2527 1891 2563 Macr.
1913 2528 1942 2562 Ι
1961 2529 1996 2570 3,
2015 2528 2063 2562 13

310 2579 430 2622 (mane
457 2578 583 2611 autem
610 2577 753 2612 dictum
779 2578 845 2612 aut
870 2577 970 2622 quod
997 2577 1043 2612 ab
1078 2576 1318 2612 inferioribus
1343 2576 1384 2611 id
1409 2577 1465 2611 est
1491 2587 1513 2611 a
1538 2575 1711 2611 manibus
1738 2574 1933 2610 exordium
1965 2573 2062 2609 lucis

311 2626 479 2670 emergat
505 2624 582 2668 aut,
607 2623 708 2669 quod
728 2625 849 2660 verius
874 2625 967 2660 mihi
986 2624 1144 2669 videtur,
1171 2625 1218 2660 ab
1239 2624 1360 2660 omine
1385 2623 1475 2658 boni
1499 2622 1672 2659 nominis.
1710 2635 1798 2658 nam
1818 2623 1856 2658 et
1876 2620 2063 2657 Lanuvini

309 2683 418 2706 mane
443 2682 510 2716 pro
536 2671 634 2706 bono
661 2672 826 2717 dicunt),·
857 2673 955 2708 Non.
983 2675 1041 2715 66,
1062 2675 1107 2715 8,·
1136 2672 1216 2708 GL.
1238 2672 1274 2707 V
1292 2674 1377 2714 250,
1398 2674 1422 2706 8
1450 2671 1644 2717 (quoniam
1670 2670 1750 2706 dies
1780 2671 1871 2705 tunc
1896 2668 2061 2714 primum

309 2731 375 2764 per
393 2720 517 2754 totum
537 2718 668 2764 effluit,
688 2719 837 2763 quando
859 2720 1035 2763 nascitur,
1056 2719 1269 2764 appellatur
1288 2729 1409 2763 mane,
1429 2718 1537 2763 quasi
1557 2718 1658 2762 quod
1678 2719 1826 2753 emanet
1845 2718 1883 2752 et
1903 2716 2062 2761 effluat).

315 2766 369 2810 Of.
397 2767 693 2812 Krieyshammer
719 2770 790 2803 102

432 2913 449 2943 1
478 2909 581 2954 prius
608 2910 653 2944 de
673 2910 735 2954 Sp.
762 2911 772 2954 Η
799 2914 818 2944 3
846 2910 921 2945 add
940 2911 1034 2945 Laet
1062 2911 1066 2954 Ι
1089 2910 1145 2945 del
1169 2910 1270 2945 Turn
1295 2911 1305 2954 ΙΙ
1332 2913 1352 2944 5
1379 2910 1482 2944 motu
1507 2909 1561 2944 vel
1586 2909 1706 2943 motor
1731 2908 1796 2952 (sic
1814 2906 1887 2950 F')
1913 2907 1924 2951 ΙΙ
1951 2909 1971 2940 6
1998 2906 2064 2941 lac

308 2957 553 3039 {iqnofrqpma
577 2962 610 2993 et
628 2957 747 3001 Sciop,
772 2968 841 3002 quo
867 2957 955 2992 duee
982 2956 1058 3004 <ab
1079 2959 1162 2992 ortu
1183 2957 1231 2992 ad
1251 2955 1512 3004 oc>casu<m>
1531 2955 1634 2991 venit
1652 2956 1760 3000 suppl
1781 2954 2025 2990 Reitzenstein
2051 2954 2062 2998 ΙΙ
