2144 3340
313 163 502 200 XXXVIII
999 163 1366 200 PROLEGOMENA

435 272 589 316 Totam
633 274 935 329 grammaticae
977 273 1135 315 latinae
1176 273 1400 315 materiam
1432 272 1569 315 Varro
1601 272 1716 315 Aelii
1759 274 1952 331 vestigiis
1995 275 2071 317 in·-

315 344 468 386 sistens
500 343 561 386 ita
592 343 749 398 divisit,
780 345 830 385 ut
861 344 999 386 tribus
1030 343 1226 398 partibus
1259 343 1385 386 factis
1417 344 1582 399 prima
1613 342 1685 400 (cf.
1716 360 1757 399 p.
1786 345 1883 400 124,
1900 345 2056 402 11sqq.

317 413 598 471 125,2sqq.)
644 414 1063 470 quemadmodum
1107 414 1355 456 vocabula
1398 414 1648 470 imposita
1690 419 1861 458 essent
1904 416 2056 459 rebus

314 489 555 541 quaereret,
596 486 815 528 secunda
848 485 1267 540 quemadmodum
1300 500 1355 527 ea
1384 486 1436 527 in
1469 500 1613 528 casus
1645 485 2058 543 declinarentur,

314 558 469 599 tertia
494 556 912 612 quemadmodum
938 557 1387 613 coniungerentur.
1438 556 1502 609 De
1527 557 1666 612 primo
1692 557 1804 600 libro
1830 557 1968 601 tribus
1988 558 2057 600 his

313 628 508 683 partibus
545 627 782 683 praemisso
822 627 1111 670 coniecturam
1148 626 1427 670 Wilmannsii
1459 627 1794 670 Reitzensteinio
1831 629 2058 684 probatam

314 702 357 741 et
387 700 607 755 tetigimus
639 701 682 741 et
713 698 1058 741 addubitavimus
1090 699 1136 740 in
1166 699 1261 741 adn.
1294 699 1347 741 ad
1377 699 1477 754 234,
1500 699 1556 741 14
1570 713 1660 754 sqq.
1686 714 1726 754 p.
1753 699 1857 742 301:
1889 700 1964 742 ubi
1989 700 2059 743 ad-

313 770 497 812 dendum
530 772 594 812 est
635 769 721 811 iam
753 784 864 812 anno
900 770 1010 812 1871
1046 770 1091 813 in
1132 773 1451 827 programmate
1485 769 1791 813 Crucenacensi
1822 771 1873 813 de
1902 770 1983 814 hac
2013 786 2059 813 re

314 841 603 884 dubitationes
635 841 867 896 protulisse
900 839 942 883 C.
969 841 1018 883 Ε.
1044 842 1091 884 L.
1118 840 1207 883 Oxe
1253 841 1331 883 ‘M.
1363 841 1455 884 Ter.
1488 841 1611 883 Varr.
1653 841 1864 884 librorum
1897 841 1948 884 de
1978 843 2005 884 l.
2031 842 2058 884 l.

312 913 627 969 argumentum’
660 928 701 967 p.
730 912 828 967 7sq.
855 910 927 970 (cf.
955 913 1085 954 etiam
1116 928 1156 967 p.
1186 913 1239 955 12
1256 910 1349 969 sq.).
1375 937 1428 943 —-
1458 912 1627 955 Primae
1659 913 1794 969 partis
1826 913 1928 955 libri
1958 916 2059 956 sunt

311 983 379 1026 bis
410 984 523 1025 terni
555 981 615 1040 (p.
641 983 681 1038 4,
701 984 834 1038 2sqq.
867 986 909 1026 et
942 984 980 1038 6,
1003 984 1055 1026 17
1073 998 1146 1038 sq.,
1181 984 1276 1038 123,
1300 983 1352 1025 17
1369 982 1501 1041 sqq.):
1534 986 1621 1026 tres
1654 984 1707 1026 ad
1740 983 2060 1039 Septumium

311 1054 433 1097 missi
465 1052 688 1111 (II—IV),
732 1056 818 1096 tres
851 1055 905 1096 ad
937 1054 1231 1097 Ciceronem
1264 1053 1506 1111 (V—VII):
1546 1069 1728 1110 quorum
1759 1056 1805 1097 in
1837 1055 2058 1099 secundo

314 1125 547 1180 dicebatur,
580 1125 682 1166 ‘cur
714 1123 1064 1180 ἐτυμολογικὴ
1097 1139 1258 1180 neque
1292 1140 1371 1167 ars
1405 1126 1473 1167 sit
1504 1140 1665 1181 neque
1697 1141 1752 1169 ea
1782 1126 1931 1168 utilis
1964 1126 2060 1180 sit',

312 1196 358 1238 in
400 1196 558 1238 tertio
605 1197 708 1238 ‘cur
751 1188 799 1238 et
843 1211 922 1238 ars
967 1211 1022 1238 ea
1066 1196 1134 1238 sit
1179 1199 1227 1238 et
1269 1195 1419 1238 utilis
1464 1197 1568 1251 sit’,
1611 1197 1656 1239 in
1699 1199 1885 1251 quarto
1917 1197 2059 1251 ‘quae

309 1267 474 1309 forma
506 1267 575 1310 sit
607 1267 990 1323 etymologiae':
1030 1267 1104 1322 qui
1135 1267 1237 1309 libri
1267 1270 1354 1309 tres
1387 1282 1471 1309 una
1503 1282 1599 1309 cum
1630 1268 1742 1310 libro
1774 1269 1927 1323 primo,
1958 1269 1998 1311 h.
2025 1282 2059 1310 e.

311 1338 576 1394 praefatione
608 1339 742 1381 totius
775 1339 931 1394 operis,
964 1338 1284 1393 interciderunt,
1324 1338 1411 1380 nisi
1444 1339 1559 1392 quod
1591 1338 1800 1381 librorum
1831 1338 1895 1381 Ill
1925 1341 1967 1381 et
1996 1338 2061 1382 IV

312 1409 569 1464 paucissima
600 1409 840 1465 fragmenta
872 1412 1053 1452 exstant.
1105 1408 1197 1451 Hos
1230 1411 1374 1451 autem
1406 1409 1541 1451 libros
1572 1424 1686 1452 nunc
1718 1410 1959 1464 deperditos
1986 1411 2061 1466 qui

312 1481 531 1536 excipiunt
562 1480 664 1523 libri
695 1483 781 1523 tres
814 1481 1077 1536 superstites,
1122 1495 1269 1522 eorum
1317 1479 1529 1535 quintus
1574 1483 1638 1522 est
1677 1481 1727 1522 de
1765 1481 2059 1538 originibus

312 1552 595 1594 ‘verborum
639 1553 870 1595 locorum
914 1555 962 1594 et
1005 1566 1176 1594 earum
1222 1566 1388 1592 rerum
1428 1565 1553 1606 quae
1597 1552 1649 1593 in
1678 1553 1809 1594 locis
1842 1567 1950 1595 esse
1983 1567 2060 1594 so-

308 1623 449 1679 lent',
488 1626 662 1666 sextus
702 1624 752 1665 de
793 1623 1062 1666 vocabulis
1101 1626 1389 1678 temporum
1430 1625 1479 1664 et
1518 1638 1685 1665 earum
1718 1638 1884 1666 rerum
1918 1624 2060 1679 ‘quae

311 1694 362 1736 in
392 1695 708 1750 temporibus
741 1695 908 1750 fiunt',
939 1694 1191 1749 septimus
1225 1708 1276 1736 ex
1308 1693 1453 1736 eadem
1485 1694 1717 1748 partitione
1750 1695 1800 1736 de
1831 1695 2004 1738 verbis
2037 1710 2061 1737 a

309 1767 481 1821 poetis
525 1766 804 1821 usurpatis.
877 1765 1091 1809 Secuntur
1134 1766 1310 1807 alterius
1354 1765 1530 1807 hexadis
1575 1763 1646 1822 (cf.
1690 1781 1731 1820 p.
1762 1766 1864 1822 131,
1900 1766 2059 1821 13sqq.

312 1835 582 1894 174,4sqq.)
614 1839 701 1879 tres
731 1836 834 1879 libri
865 1837 1047 1893 priores:
1092 1837 1138 1878 in
1184 1839 1369 1879 octavo
1415 1838 1515 1878 sunt
1559 1850 1685 1891 quae
1730 1840 1910 1880 contra
1946 1852 2060 1879 ana-

308 1908 499 1964 logiam
532 1908 749 1963 dicuntur,
792 1909 838 1950 in
880 1922 1012 1951 nono
1045 1922 1172 1962 quae
1204 1909 1384 1949 contra
1414 1907 1739 1963 anomaliam,
1782 1908 1829 1950 in
1860 1908 2059 1950 decimo

312 1979 495 2034 denique
523 1979 796 2036 analogiae
827 1980 991 2021 forma
1023 1980 1243 2022 tractatur.
1293 1978 1467 2032 Reliqui
1497 1978 1599 2020 libri
1623 1978 1705 2021 XV
1729 1982 1898 2035 praeter
1924 1994 2061 2034 pauca

313 2065 446 2105 eaque
482 2050 735 2092 tenuissima
770 2051 1013 2107 fragmenta
1045 2050 1209 2092 desunt.
1272 2048 1340 2091 Ex
1379 2049 1534 2103 quibus
1565 2049 1667 2091 libri
1697 2048 1925 2092 XI-——XIII
1957 2050 2060 2105 quid

313 2121 604 2163 continuerint
640 2122 777 2176 ipsius
816 2122 1005 2164 auctoris
1044 2121 1187 2163 verbis
1227 2121 1446 2163 docemur:
1492 2121 1566 2175 qui
1597 2135 1695 2163 cum
1727 2121 1840 2162 dicat
1871 2135 1962 2163 sese
1993 2121 2059 2163 bis

310 2195 454 2235 ternos
484 2192 620 2234 libros
651 2194 861 2235 secundae
892 2193 1027 2248 partis
1059 2193 1275 2235 facturum
1309 2206 1411 2246 esse,
1455 2192 1756 2234 convenienter
1787 2192 2059 2246 dispositioni

309 2264 473 2318 primae
504 2263 680 2306 hexadis
705 2264 829 2307 libris
855 2263 917 2306 XI
943 2264 994 2306 de
1019 2263 1309 2318 vocabulis,
1339 2261 1422 2304 XII
1449 2263 1499 2304 de
1530 2263 1923 2318 temporalibus,
1954 2261 2060 2304 XIII

310 2335 361 2376 de
398 2335 618 2388 poeticis
650 2335 916 2378 vocabulis
956 2335 1190 2378 locorum
1231 2336 1618 2388 temporumque
1659 2336 1863 2377 tractasse
1903 2334 2058 2376 merito

310 2405 547 2460 putabitur.
621 2405 781 2448 Mirum
825 2410 889 2449 est
932 2406 1048 2462 quod
1091 2408 1368 2461 syntaxeos
1417 2418 1506 2446 non
1548 2420 1651 2460 una,
1692 2405 1766 2447 sed
1809 2405 1916 2447 duae
1960 2407 2062 2447 sunt

278 2463 280 2465 Ι
309 2476 511 2518 hexades:
553 2492 681 2531 quam
721 2478 1100 2520 inconcinnitatem
1132 2476 1367 2519 cavendum
1400 2478 1464 2517 est
1493 2490 1547 2517 ne
1579 2490 1675 2518 cum
1717 2475 1972 2518 Muellero
2015 2478 2060 2517 et

310 2546 606 2590 Ritschelio
629 2547 725 2605 (Op.
746 2548 811 2590 III
836 2565 875 2605 p.
896 2547 1003 2606 466)
1030 2547 1274 2590 artificiosis
1301 2547 1657 2602 explicationibus
1684 2547 1936 2602 auferamus,
1962 2561 2059 2588 cum

309 2618 446 2661 Varro
487 2633 540 2660 ne
579 2619 625 2661 in
655 2619 1001 2675 Antiquitatibus
1040 2618 1211 2674 quidem
1251 2619 1421 2674 plenam
1462 2618 1800 2661 concinnitatem
1841 2618 1886 2660 in
1927 2618 2060 2660 altera

310 2691 430 2744 parte
468 2692 639 2732 secutus
678 2692 733 2732 sit
771 2690 844 2748 (cf.
871 2690 1058 2747 Spengel
1096 2688 1246 2746 praef.²
1276 2706 1317 2746 p.
1344 2687 1562 2745 XXXVI).
1624 2687 1675 2731 In
1714 2689 1897 2746 singulis
1935 2688 2059 2731 libris

309 2760 523 2815 quomodo
555 2761 739 2816 scriptor
772 2776 983 2817 quamque
1015 2762 1238 2803 materiam
1275 2760 1529 2803 tractaverit
1559 2760 1796 2815 nescimus,
1827 2759 1911 2801 nisi
1943 2759 2060 2814 quod

310 2830 590 2873 Wilmannsii
622 2832 683 2889 (p.
709 2831 785 2885 20)
825 2834 1095 2875 coniecturae
1129 2833 1338 2888 quaedam
1370 2833 1540 2874 exstant
1570 2845 1648 2886 per
1680 2845 1724 2872 se
1755 2830 1870 2872 haud
1900 2830 2058 2885 impro-

312 2902 494 2944 babiles:
527 2917 708 2957 quarum
740 2918 790 2946 eo
818 2905 930 2946 redit
955 2918 1134 2959 summa,
1166 2907 1214 2946 ut
1239 2903 1384 2959 priore
1409 2902 1573 2945 hexade
1599 2902 1656 2944 de
1688 2901 1896 2944 casibus
1929 2901 2059 2944 obli-

312 2973 424 3027 quis
462 2976 510 3015 et
541 2974 811 3016 verborum
841 2975 1023 3017 formis
1056 2977 1308 3030 quatenus
1339 2974 1463 3016 haec
1495 2988 1604 3016 cum
1636 2972 1746 3015 illis
1779 2972 2057 3015 coniuncta

310 3045 432 3100 sint,
465 3046 596 3087 altera
628 3045 678 3086 de
709 3046 1003 3101 proloquiis
1036 3045 1362 3102 simplicibus
1395 3047 1443 3086 et
1480 3044 1787 3100 compositis
1819 3042 2058 3086 Varronem
