2176 3386
328 126 414 168 228
686 125 1007 170 RELIQVORVM
1031 127 1095 163 DE
1123 127 1446 164 GRAMMATIOA
1470 128 1723 165 LIBRORVM

543 238 764 291 quattuor:
796 236 978 278 lectione
1010 236 1277 278 enarratione
1309 237 1604 280 emendatione
1636 238 1805 281 iudicio.
1848 239 1975 282 lectio
2008 243 2073 282 est

546 341 553 348 .
581 341 589 348 .
618 342 625 349 .
652 307 769 348 varia
800 307 1006 361 cuiusque
1039 307 1188 362 scripti
1219 308 1514 363 pronuntiatio
1541 309 1728 351 serviens
1755 309 1963 369 dignitati,
1981 325 2074 366 per-

543 392 745 420 sonarum
787 378 1116 433 exprimensque
1160 378 1292 420 animi
1334 379 1531 421 habitum
1572 380 1789 435 cuiusque.
1860 381 2072 424 enarratio

544 450 608 491 est
641 449 918 490 obscurorum
953 463 1155 491 sensuum
1182 450 1533 504 quaestionumve
1558 450 1804 506 explanatio
1831 486 1838 493 .
1866 485 1875 493 .
1902 485 1910 493 .
1936 466 2076 495 emen-

545 520 660 562 datio
694 523 760 562 est
788 554 796 561 .
823 554 830 562 .
858 554 866 562 .
892 520 1147 563 recorrectio
1187 535 1378 563 errorum
1411 521 1486 575 qui
1522 536 1599 576 per
1636 522 1893 578 scripturam
1925 523 2075 567 dictio·
2112 541 2128 567 5

543 606 695 633 nemve
730 591 852 633 fiunt.
911 591 1118 634 iudicium
1151 594 1215 634 est
1242 626 1249 633 .
1277 626 1285 634 .
1313 626 1320 634 .
1347 582 1590 635 aestimatio
1624 608 1707 648 qua
1738 596 1936 648 poemata
1969 597 2075 637 cete·

542 677 673 718 raque
706 663 865 717 scripta
896 662 1212 718 perpendimus.

331 745 522 803 (**)110
543 746 679 802 [237]
722 746 825 788 artis
852 746 1154 802 grammaticae
1180 747 1302 789 initia
1328 746 1380 789 ab
1401 746 1622 789 elementis
1648 750 1845 804 surgunt,
1870 749 2077 792 elementa

543 818 785 873 figurantur
825 817 870 859 in
908 817 1088 872 litteras,
1128 817 1296 860 litterae
1337 818 1383 860 in
1414 818 1599 873 syllabas
1634 821 1857 875 coguntur,
1898 819 2076 874 syllabis

546 888 909 944 conprehenditur
940 888 1083 944 dictio,
1122 889 1330 932 dictiones
1362 876 1581 946 coguntur
1606 889 1651 931 in
1682 892 1824 944 partes
1857 890 2076 946 orationis,
2097 907 2129 932 10

543 959 794 1021 parti<bu>s
821 959 1028 1002 orationis
1053 963 1375 1003 consummatur
1399 962 1549 1015 oratio,
1575 960 1766 1004 oratione
1790 962 1928 1004 virtus
1955 977 2077 1005 orna-

544 1034 627 1086 tur,
658 1032 796 1073 virtus
828 1031 881 1072 ad
912 1031 1110 1073 evitanda
1140 1032 1246 1074 vitia
1278 1034 1508 1074 exercetur.

332 1113 518 1172 (**)111
547 1112 624 1171 (42
650 1112 808 1181 [238]).
858 1129 942 1156 vox
974 1116 1051 1169 est,
1082 1117 1131 1156 ut
1154 1107 1315 1157 'Stoicis
1339 1114 1521 1170 videtur,
1553 1115 1730 1170 spiritus
1756 1116 1898 1158 tenuis
1930 1116 2079 1158 auditu

545 1186 780 1241 sensibilis,
813 1188 1020 1240 quantum
1062 1185 1108 1228 in
1148 1185 1241 1241 ipso
1274 1188 1350 1228 est.
1411 1186 1462 1227 fit
1502 1188 1646 1228 autem
1664 1187 1746 1237 ,vel
1787 1186 1911 1228 exilis
1951 1201 2079 1229 aurae

544 1258 672 1312 pulsu
705 1258 773 1299 vel
803 1257 1017 1299 verberati
1054 1257 1163 1299 aeris
1202 1257 1302 1299 ictu.
1365 1256 1505 1299 omnis
1537 1272 1620 1299 vox
1652 1259 1726 1299 aut
1757 1256 1984 1300 articulata
2015 1259 2078 1299 est
2100 1274 2132 1299 ιε»

546 1331 620 1370 aut
651 1328 844 1370 confusa:
885 1327 1111 1370 articulata
1143 1331 1208 1370 est
1248 1328 1471 1370 rationalis
1511 1328 1737 1371 hominum
1777 1328 1979 1384 loquellis
2011 1344 2078 1371 ex-

545 1399 738 1455 planata3
771 1398 918 1442 eadem
950 1401 993 1441 et
1022 1398 1224 1441 litteralis
1256 1399 1325 1441 vel
1356 1399 1560 1455 scriptilis
1592 1401 1846 1455 appellatur,
1878 1400 1981 1454 quia
2010 1399 2080 1442 lit-

546 1470 649 1513 teris
675 1469 964 1526 conprehendi
989 1472 1150 1527 potest3
1182 1471 1360 1514 confusa
1385 1473 1451 1513 est
1476 1470 1746 1513 inrationalis
1771 1470 1840 1513 vel
1865 1471 2080 1526 inscripti-

546 1542 613 1597 lis,
653 1541 840 1598 simplici
877 1541 996 1585 vocis
1035 1556 1140 1584 sono
1181 1541 1430 1583 animalium
1472 1542 1632 1596 effecta,
1675 1556 1782 1597 quae
1824 1541 1953 1583 scribi
1992 1556 2080 1584 non

546 1615 701 1668 potest,
732 1615 782 1655 ut
813 1616 878 1655 est
910 1612 1007 1667 equi
1039 1612 1246 1667 hinnitus,
1277 1613 1391 1654 tauri
1422 1613 1624 1669 mugitus.
2099 1629 2134 1654 20

334 1778 560 1814 sententiam
584 1777 644 1813 vel
667 1775 890 1812 recorrectio
918 1804 924 1811 .
953 1804 960 1811 .
988 1803 996 1811 .
1023 1777 1080 1812 est
1105 1787 1178 1821 quo
1205 1787 1352 1811 omnem
1377 1777 1585 1812 orationem
1609 1777 1709 1811 recte
1735 1775 1794 1810 vel
1818 1775 1941 1810 minus
1967 1786 2081 1820 quam

335 1827 436 1862 recte
460 1824 742 1871 pronuntiatam
768 1823 983 1868 specialiter
1007 1823 1217 1858 iudicamus
1243 1824 1301 1858 vel
1326 1823 1538 1859 aestimatio
1567 1853 1573 1859 .
1597 1852 1603 1858 .
1622 1851 1635 1858 .
1659 1822 1937 1869 perpendimus)
1957 1827 1990 1858 et
2005 1823 2088 1858 VII

334 1877 457 1918 376,5
489 1873 594 1918 (artis
627 1871 894 1918 grammaticae
920 1870 1080 1906 officium
1109 1871 1258 1906 constat
1283 1899 1291 1907 .
1319 1899 1327 1906 .
1355 1898 1363 1906 .
1389 1871 1579 1916 cuiusque.
1629 1870 1841 1906 emendatio
1869 1899 1876 1905 .
1905 1898 1912 1905 .
1940 1897 1948 1905 .
1974 1870 2079 1906 fiunt.

334 1920 522 1957 enarratio
550 1948 557 1955 .
586 1948 593 1955 .
621 1947 628 1954 .
656 1918 992 1964 quaestionumque
1019 1918 1262 1966 <e>narratio
1289 1918 1382 1966 [<e>
1408 1918 1647 1965 addidimus}
1685 1917 1866 1953 iudicium
1893 1945 1901 1952 .
1929 1945 1936 1953 .
1964 1943 1972 1951 .
1997 1927 2082 1963 per-

334 1968 568 2014 pendimus);
593 1968 638 2011 cf.
661 1968 720 2002 VI
733 1969 814 2010 188,
829 1969 852 2002 6
876 1966 1159 2012 (grammaticae
1185 1968 1312 2001 autem
1337 1966 1460 2002 officia
1485 1967 1577 2011 quot
1602 1967 1712 2001 sunt?
1738 1966 1926 2011 quattuor.
1951 1976 1979 2001 e.
1994 1976 2024 2010 q.
2039 1966 2082 2010 s.)

337 2034 382 2046 =
414 2016 499 2051 VII
518 2018 603 2059 322,
628 2018 672 2059 4,·
703 2015 780 2050 VII
803 2016 888 2056 214,
912 2016 962 2049 20
995 2013 1174 2058 (officium
1208 2014 1287 2049 eius
1319 2015 1377 2049 est
1414 2014 1494 2049 sine
1525 2013 1616 2049 vitio
1654 2013 1859 2048 dictionem
1894 2011 2082 2058 prosalem

335 2063 615 2146 metricamqiger
631 2072 852 2107 componere
877 2073 903 2097 e.
918 2064 1031 2106 q.s.);
1058 2062 1174 2098 Mart.
1192 2060 1279 2107 Cap.
1295 2062 1371 2097 III
1382 2064 1469 2105 230,
1489 2063 1537 2097 al.
1576 2061 1616 2096 V.
1632 2061 1777 2097 Fro‘hde
1804 2061 1877 2096 ‘die
1890 2060 2082 2106 Anfanqs—

361 2111 478 2147 ricnde
503 2111 537 2146 d.
618 2111 641 2145 .'
663 2122 702 2155 p.
722 2112 773 2146 26
785 2121 837 2154 sq.

337 2123 360 2158 9
455 2162 476 2194 8
505 2158 585 2194 GL.
612 2159 641 2193 I
659 2160 744 2201 426,
764 2159 812 2192 32
849 2156 1131 2202 (grammaticae
1158 2183 1166 2191 .
1194 2185 1200 2191 .
1229 2183 1237 2190 .
1264 2157 1468 2201 exercetur)
1501 2161 1535 2192 et
1560 2156 1643 2191 VII
1662 2158 1744 2198 377,
1765 2159 1784 2190 1
1819 2154 1925 2200 (artis
1959 2165 2083 2200 gram-

335 2206 498 2242 maticae
519 2233 526 2240 .
549 2235 555 2241 .
579 2234 584 2240 .
605 2205 645 2240 in
664 2206 791 2250 partes
811 2203 1002 2247 orationis,
1022 2204 1142 2239 oratio
1162 2203 1202 2238 in
1221 2202 1375 2239 virtutes
1401 2215 1445 2238 ac
1465 2204 1558 2238 vitia
1577 2202 1784 2248 descendit)
1791 2217 1805 2246 ;
1823 2203 1869 2246 cf.
1883 2203 2081 2249 Auyustin.

335 2255 379 2290 de
404 2254 480 2290 ord.
507 2254 560 2288 II
581 2255 643 2296 12,
664 2255 710 2287 35
737 2253 804 2296 (ad
824 2263 863 2297 p.
888 2254 975 2295 227,
996 2254 1053 2296 7),
1078 2252 1127 2287 al.
1173 2252 1212 2287 V.
1239 2251 1387 2287 Fro'hde
1413 2251 1486 2286 ‘die
1511 2252 1739 2297 Anfa‘nysqr.
1765 2250 1799 2285 d.
1828 2250 1909 2286 Gr!
1930 2261 1971 2295 p.
1996 2251 2047 2285 29
2071 2250 2083 2295 ΙΙ

339 2304 381 2336 13
405 2302 485 2337 G'L.
506 2302 631 2344 1420,
646 2303 669 2335 9
689 2301 772 2345 (vox
791 2327 800 2335 .
821 2327 829 2334 .
851 2327 859 2334 .
879 2299 1080 2345 mugitus„
1104 2300 1149 2343 cf.
1173 2298 1254 2334 GL.
1274 2299 1327 2334 II
1340 2301 1373 2342 5,
1389 2302 1420 2333 1.
1447 2301 1481 2342 6,
1495 2301 1557 2341 17,
1581 2298 1648 2333 IV
1667 2300 1726 2341 47,
1740 2300 1772 2332 3.
1800 2299 1883 2340 367,
1897 2299 1930 2332 5.
1950 2299 2036 2340 487,
2049 2299 2081 2332 4.

338 2352 479 2391 530,4;
504 2348 538 2381 V
560 2351 677 2391 99,9,·
704 2348 762 2382 VI
782 2350 886 2390 4‚13.
914 2349 1044 2390 32,21.
1073 2349 1212 2389 189‚9;
1239 2347 1322 2382 VII
1339 2348 1470 2389 215‚4.
1498 2347 1582 2389 323,
1597 2348 1630 2380 5.
1657 2347 1799 2388 381‚2;
1824 2344 2082 2380 Anecd.Helv.

339 2396 518 2431 XXXII.
546 2395 740 2431 LXXXI.
765 2397 850 2437 219,
865 2397 898 2429 6.
924 2397 1093 2437 220,18,·
1125 2393 1216 2429 Isid.
1242 2394 1269 2428 Ι
1291 2396 1337 2429 15
1345 2407 1357 2436 ,·
1387 2393 1497 2439 Dioy.
1519 2392 1643 2429 Laert.
1664 2393 1748 2428 VII
1768 2395 1800 2436 1,
1814 2394 1863 2427 38
1878 2393 1974 2436 (55)‚·
1998 2390 2081 2427 Sen.

336 2448 414 2479 nat.
441 2455 499 2488 qu.
526 2444 571 2478 II
597 2446 631 2485 6,
646 2445 678 2477 3.
692 2445 763 2485 29;
791 2442 882 2478 Gell.
903 2441 938 2476 V
960 2444 1016 2485 15,
1031 2445 1075 2485 6,·
1099 2440 1204 2477 Lact.
1231 2441 1274 2476 de
1299 2452 1355 2486 op.
1382 2441 1416 2475 d.
1444 2443 1558 2484 15,1,·
1583 2440 1782 2486 Auyustin.
1809 2439 1845 2474 d.
1870 2439 1960 2474 dial.
1982 2441 2016 2482 5,
2033 2439 2082 2475 al.

343 2491 383 2526 V.
403 2491 550 2526 Fro'hde
574 2491 597 2525 Ζ.
617 2501 645 2525 s.
665 2501 692 2525 s.
714 2501 752 2535 p.
775 2492 824 2524 62
836 2500 886 2534 sq.

459 2648 476 2678 1
505 2643 740 2679 enarratione
766 2643 1027 2678 emendatione
1051 2644 1106 2678 vel
1137 2641 1397 2677 emendatione
1423 2641 1657 2677 enarratione
1685 2640 1829 2685 (ordine
1859 2640 2085 2684 definitionis

339 2694 424 2728 item
443 2693 601 2736 inverso)
622 2693 633 2737 11
654 2695 673 2725 2
693 2691 949 2736 pronuntiatio
969 2691 1024 2726 vel
1042 2689 1249 2725 enuntiatio
1269 2691 1280 2735 u
1300 2693 1320 2723 3
1342 2689 1458 2724 animi
1477 2688 1650 2724 habitum
1667 2689 1722 2723 vel
1746 2687 1918 2722 habitum
1938 2686 2054 2722 animi
2073 2687 2084 2731 ΙΙ

338 2745 361 2774 4
375 2740 683 2785 quaestionumue
703 2738 918 2783 explanatio
930 2739 985 2774 vel
1003 2737 1338 2782 quaestionumque
1353 2736 1598 2784 <c>narratio
1618 2737 1629 2780 {l
1644 2739 1720 2780 bsq.
1737 2734 2084 2781 dict<at>ionemve

347 2787 459 2823 Wilm
481 2790 484 2831 Ι
508 2798 582 2832 qua
607 2788 661 2822 vel
686 2797 760 2831 quo
782 2788 786 2831 Ι
808 2787 985 2830 poemata
1008 2786 1063 2821 vel
1087 2795 1221 2829 poema
1245 2786 1256 2830 11
1282 2788 1302 2819 9
1328 2784 1368 2819 in
1394 2783 1559 2828 syllabas
1585 2784 1769 2828 coguntur
1792 2783 1848 2818 vel
1872 2783 2056 2827 coguntur
2073 2782 2085 2827 ΙΙ

343 2838 387 2869 10
422 2834 537 2870 dictio
573 2834 825 2878 conprehendi
857 2833 923 2877 (vel
948 2831 1249 2877 conpraemendi)
1284 2832 1340 2867 vel
1369 2830 1684 2876 conprehenditur
1714 2830 1830 2865 dictio
1863 2831 1869 2874 1
1904 2829 2084 2863 dictiones

342 2883 525 2927 coguntur
558 2882 599 2916 in
632 2882 687 2916 vel
720 2880 948 2916 dictionibus
974 2880 1158 2926 coguntur
1191 2879 1258 2924 (vel
1283 2879 1550 2924 concoguntur)
1587 2879 1598 2924 ΙΙ
1637 2881 1679 2912 11
1708 2877 1986 2912 consummatur
2019 2876 2087 2921 (vel

343 2930 589 2973 consummat)
617 2928 737 2963 oratio
762 2927 930 2963 oratione
950 2929 1004 2963 vel
1028 2929 1154 2972 partes
1181 2926 1360 2961 orationis
1386 2937 1469 2960 cum
1490 2926 1769 2960 consummatur
1787 2923 1906 2959 oratio
1927 2922 2085 2958 orationi

341 2977 396 3012 vel
421 2977 558 3011 oratio.-
581 2988 614 3011 v.
640 2980 715 3011 test.
749 2976 760 3020 ΙΙ
794 2979 838 3010 14
863 2974 984 3010 exiliis
1009 2976 1064 3010 vel
1089 2974 1196 3010 exilis
1227 2975 1238 3019 ss
1272 2977 1315 3008 17
1341 2973 1473 3008 eadem
1498 2974 1536 3008 et
1559 2973 1613 3008 vel
1638 2971 1768 3007 eadem
1794 2973 1801 3017 Ι
1829 2970 2007 3016 scriptilis
2032 2971 2086 3006 vel

344 3023 513 3058 scribalis
538 3024 594 3059 vel
618 3021 850 3068 scripturalis
