<?xml version="1.0" encoding="UTF-8"?>
<!DOCTYPE html PUBLIC "-//W3C//DTD XHTML 1.0 Transitional//EN"
    "http://www.w3.org/TR/xhtml1/DTD/xhtml1-transitional.dtd">
<html xmlns="http://www.w3.org/1999/xhtml" xml:lang="en" lang="en">
 <head>
  <title>
</title>
<meta http-equiv="Content-Type" content="text/html;charset=utf-8" />
  <meta name='ocr-system' content='tesseract 3.04.00' />
  <meta name='ocr-capabilities' content='ocr_page ocr_carea ocr_par ocr_line ocrx_word'/>
</head>
<body>
  <div class='ocr_page' id='page_1' title='image "./marcusdelingua00varruoft_0257.png"; bbox 0 0 2176 3386; ppageno 0'>
   <div class='ocr_carea' id='block_1_1' title="bbox 0 0 85 1769">
    <p class='ocr_par' dir='ltr' id='par_1_1' title="bbox 0 0 85 1769">
     <span class='ocr_line' id='line_1_1' title="bbox 0 0 85 1769; baseline 0 0"><span class='ocrx_word' id='word_1_1' title='bbox 0 0 85 1769; x_wconf 95' lang='lat' dir='ltr'><strong> </strong></span> 
     </span>
    </p>
   </div>
   <div class='ocr_carea' id='block_1_2' title="bbox 0 1770 124 2095">
    <p class='ocr_par' dir='ltr' id='par_1_2' title="bbox 0 1770 124 2095">
     <span class='ocr_line' id='line_1_2' title="bbox 0 1770 124 1929; baseline 0 -30"><span class='ocrx_word' id='word_1_2' title='bbox 0 1770 124 1929; x_wconf 89' lang='lat'><em>3</em></span> 
     </span>
     <span class='ocr_line' id='line_1_3' title="bbox 0 1940 11 2095; baseline 0 -107"><span class='ocrx_word' id='word_1_3' title='bbox 0 1940 11 2095; x_wconf 61' lang='grc' dir='ltr'>ἰ</span> 
     </span>
    </p>
   </div>
   <div class='ocr_carea' id='block_1_3' title="bbox 90 2229 124 2257">
    <p class='ocr_par' dir='ltr' id='par_1_3' title="bbox 90 2229 124 2257">
     <span class='ocr_line' id='line_1_4' title="bbox 90 2229 124 2257; baseline 0 0"><span class='ocrx_word' id='word_1_4' title='bbox 90 2229 124 2257; x_wconf 74' lang='lat'><strong>15</strong></span> 
     </span>
    </p>
   </div>
   <div class='ocr_carea' id='block_1_4' title="bbox 0 2097 34 3386">
    <p class='ocr_par' dir='ltr' id='par_1_4' title="bbox 0 2097 34 3386">
     <span class='ocr_line' id='line_1_5' title="bbox 0 2097 34 3386; baseline 0 0"><span class='ocrx_word' id='word_1_5' title='bbox 0 2097 34 3386; x_wconf 95' lang='lat' dir='ltr'><strong> </strong></span> 
     </span>
    </p>
   </div>
   <div class='ocr_carea' id='block_1_5' title="bbox 412 737 1631 817">
    <p class='ocr_par' dir='ltr' id='par_1_5' title="bbox 412 737 1631 817">
     <span class='ocr_line' id='line_1_6' title="bbox 412 737 1631 817; baseline -0.005 0"><span class='ocrx_word' id='word_1_6' title='bbox 412 744 513 817; x_wconf 91' lang='lat' dir='ltr'><strong>M.</strong></span> <span class='ocrx_word' id='word_1_7' title='bbox 561 741 1033 816; x_wconf 86' lang='lat' dir='ltr'>TERENTI</span> <span class='ocrx_word' id='word_1_8' title='bbox 1076 737 1631 814; x_wconf 79' lang='lat' dir='ltr'><strong>VARRONIS</strong></span> 
     </span>
    </p>
   </div>
   <div class='ocr_carea' id='block_1_6' title="bbox 328 879 1715 1015">
    <p class='ocr_par' dir='ltr' id='par_1_6' title="bbox 328 879 1715 1015">
     <span class='ocr_line' id='line_1_7' title="bbox 328 879 1715 941; baseline -0.004 -7"><span class='ocrx_word' id='word_1_9' title='bbox 328 883 749 941; x_wconf 82' lang='lat' dir='ltr'>RELIQVORVM</span> <span class='ocrx_word' id='word_1_10' title='bbox 786 882 871 932; x_wconf 84' lang='lat' dir='ltr'><strong>DE</strong></span> <span class='ocrx_word' id='word_1_11' title='bbox 910 880 1343 931; x_wconf 75' lang='lat' dir='ltr'>GRAMMATIOA</span> <span class='ocrx_word' id='word_1_12' title='bbox 1381 879 1715 929; x_wconf 85' lang='lat' dir='ltr'>LIBRORVM</span> 
     </span>
     <span class='ocr_line' id='line_1_8' title="bbox 818 965 1227 1015; baseline -0.005 0"><span class='ocrx_word' id='word_1_13' title='bbox 818 965 1227 1015; x_wconf 78' lang='lat' dir='ltr'><strong>FRAGMENTA</strong></span> 
     </span>
    </p>
   </div>
   <div class='ocr_carea' id='block_1_7' title="bbox 557 1188 1489 1309">
    <p class='ocr_par' dir='ltr' id='par_1_7' title="bbox 557 1188 1489 1309">
     <span class='ocr_line' id='line_1_9' title="bbox 557 1188 1489 1244; baseline -0.004 -8"><span class='ocrx_word' id='word_1_14' title='bbox 557 1192 636 1236; x_wconf 84' lang='lat' dir='ltr'><strong>DE</strong></span> <span class='ocrx_word' id='word_1_15' title='bbox 668 1190 1071 1244; x_wconf 77' lang='lat' dir='ltr'>ANTIQVITATE</span> <span class='ocrx_word' id='word_1_16' title='bbox 1105 1188 1489 1234; x_wconf 79' lang='lat' dir='ltr'>LITTERARVM</span> 
     </span>
     <span class='ocr_line' id='line_1_10' title="bbox 851 1271 1195 1309; baseline -0.006 0"><span class='ocrx_word' id='word_1_17' title='bbox 851 1273 918 1309; x_wconf 83' lang='lat' dir='ltr'><strong>AD</strong></span> <span class='ocrx_word' id='word_1_18' title='bbox 944 1273 983 1309; x_wconf 87' lang='lat' dir='ltr'><strong>L.</strong></span> <span class='ocrx_word' id='word_1_19' title='bbox 1009 1271 1195 1309; x_wconf 80' lang='lat' dir='ltr'>ACCIVM</span> 
     </span>
    </p>
   </div>
   <div class='ocr_carea' id='block_1_8' title="bbox 142 1415 1903 2253">
    <p class='ocr_par' dir='ltr' id='par_1_8' title="bbox 142 1415 1903 1980">
     <span class='ocr_line' id='line_1_11' title="bbox 142 1415 1901 1479; baseline -0.004 -14"><span class='ocrx_word' id='word_1_20' title='bbox 142 1421 203 1465; x_wconf 87' lang='lat'><strong>40</strong></span> <span class='ocrx_word' id='word_1_21' title='bbox 233 1419 341 1479; x_wconf 87' lang='grc'><strong>(103</strong></span> <span class='ocrx_word' id='word_1_22' title='bbox 367 1420 467 1478; x_wconf 86' lang='grc'>[1]).</span> <span class='ocrx_word' id='word_1_23' title='bbox 511 1419 671 1478; x_wconf 89' lang='lat' dir='ltr'><strong>(Varro</strong></span> <span class='ocrx_word' id='word_1_24' title='bbox 704 1417 847 1477; x_wconf 89' lang='lat' dir='ltr'><strong>docet)</strong></span> <span class='ocrx_word' id='word_1_25' title='bbox 885 1419 1038 1475; x_wconf 84' lang='lat' dir='ltr'><strong>lingua</strong></span> <span class='ocrx_word' id='word_1_26' title='bbox 1069 1416 1383 1460; x_wconf 82' lang='lat' dir='ltr'>Chaldaeorum</span> <span class='ocrx_word' id='word_1_27' title='bbox 1422 1416 1691 1472; x_wconf 87' lang='lat' dir='ltr'><strong>singularum</strong></span> <span class='ocrx_word' id='word_1_28' title='bbox 1722 1415 1901 1459; x_wconf 89' lang='lat' dir='ltr'><strong>nomina</strong></span> 
     </span>
     <span class='ocr_line' id='line_1_12' title="bbox 358 1487 1901 1536; baseline -0.004 0"><span class='ocrx_word' id='word_1_29' title='bbox 358 1492 600 1536; x_wconf 87' lang='lat' dir='ltr'><strong>litterarum</strong></span> <span class='ocrx_word' id='word_1_30' title='bbox 632 1491 688 1534; x_wconf 90' lang='lat' dir='ltr'><strong>ad</strong></span> <span class='ocrx_word' id='word_1_31' title='bbox 712 1505 860 1534; x_wconf 88' lang='lat' dir='ltr'><strong>earum</strong></span> <span class='ocrx_word' id='word_1_32' title='bbox 890 1490 1053 1534; x_wconf 82' lang='lat' dir='ltr'><strong>formas</strong></span> <span class='ocrx_word' id='word_1_33' title='bbox 1085 1504 1178 1533; x_wconf 85' lang='lat' dir='ltr'><strong>esse</strong></span> <span class='ocrx_word' id='word_1_34' title='bbox 1202 1489 1319 1532; x_wconf 83' lang='lat' dir='ltr'><strong>facta</strong></span> <span class='ocrx_word' id='word_1_35' title='bbox 1350 1491 1393 1531; x_wconf 90' lang='lat' dir='ltr'><strong>et</strong></span> <span class='ocrx_word' id='word_1_36' title='bbox 1424 1503 1477 1531; x_wconf 86' lang='lat' dir='ltr'><strong>ex</strong></span> <span class='ocrx_word' id='word_1_37' title='bbox 1507 1488 1592 1532; x_wconf 89' lang='lat' dir='ltr'><strong>hoc</strong></span> <span class='ocrx_word' id='word_1_38' title='bbox 1618 1491 1782 1531; x_wconf 88' lang='lat' dir='ltr'><strong>certum</strong></span> <span class='ocrx_word' id='word_1_39' title='bbox 1807 1487 1901 1531; x_wconf 92' lang='lat' dir='ltr'><strong>fieri</strong></span> 
     </span>
     <span class='ocr_line' id='line_1_13' title="bbox 358 1559 1903 1621; baseline -0.004 -13"><span class='ocrx_word' id='word_1_40' title='bbox 358 1579 431 1608; x_wconf 90' lang='lat' dir='ltr'><strong>eos</strong></span> <span class='ocrx_word' id='word_1_41' title='bbox 461 1578 553 1607; x_wconf 85' lang='lat' dir='ltr'><strong>esse</strong></span> <span class='ocrx_word' id='word_1_42' title='bbox 584 1564 749 1621; x_wconf 85' lang='lat' dir='ltr'><strong>primos</strong></span> <span class='ocrx_word' id='word_1_43' title='bbox 775 1565 971 1607; x_wconf 80' lang='lat' dir='ltr'><strong>auctores</strong></span> <span class='ocrx_word' id='word_1_44' title='bbox 996 1561 1253 1618; x_wconf 86' lang='lat' dir='ltr'><strong>litterarum,</strong></span> <span class='ocrx_word' id='word_1_45' title='bbox 1285 1561 1374 1604; x_wconf 88' lang='lat' dir='ltr'><strong>sive</strong></span> <span class='ocrx_word' id='word_1_46' title='bbox 1406 1560 1522 1616; x_wconf 91' lang='lat' dir='ltr'><strong>quod</strong></span> <span class='ocrx_word' id='word_1_47' title='bbox 1553 1559 1767 1616; x_wconf 85' lang='lat' dir='ltr'><strong>simplicia</strong></span> <span class='ocrx_word' id='word_1_48' title='bbox 1797 1559 1903 1602; x_wconf 81' lang='lat' dir='ltr'><strong>haec</strong></span> 
     </span>
     <span class='ocr_line' id='line_1_14' title="bbox 360 1631 1902 1690; baseline -0.004 -11"><span class='ocrx_word' id='word_1_49' title='bbox 360 1639 404 1679; x_wconf 92' lang='lat' dir='ltr'><strong>et</strong></span> <span class='ocrx_word' id='word_1_50' title='bbox 441 1635 614 1679; x_wconf 81' lang='lat' dir='ltr'><strong>stabilia</strong></span> <span class='ocrx_word' id='word_1_51' title='bbox 651 1650 743 1679; x_wconf 85' lang='lat' dir='ltr'><strong>esse</strong></span> <span class='ocrx_word' id='word_1_52' title='bbox 780 1634 938 1678; x_wconf 90' lang='lat' dir='ltr'><strong>debent</strong></span> <span class='ocrx_word' id='word_1_53' title='bbox 976 1633 1100 1690; x_wconf 80' lang='lat' dir='ltr'><strong>quasi</strong></span> <span class='ocrx_word' id='word_1_54' title='bbox 1136 1633 1466 1676; x_wconf 84' lang='lat' dir='ltr'><strong>fundamentum</strong></span> <span class='ocrx_word' id='word_1_55' title='bbox 1505 1631 1644 1674; x_wconf 93' lang='lat' dir='ltr'><strong>omnis</strong></span> <span class='ocrx_word' id='word_1_56' title='bbox 1681 1631 1902 1675; x_wconf 88' lang='lat' dir='ltr'><strong>doctrinae</strong></span> 
     </span>
     <span class='ocr_line' id='line_1_15' title="bbox 358 1703 1903 1763; baseline -0.004 -12"><span class='ocrx_word' id='word_1_57' title='bbox 358 1707 582 1751; x_wconf 86' lang='lat' dir='ltr'>immobile</span> <span class='ocrx_word' id='word_1_58' title='bbox 621 1708 710 1750; x_wconf 85' lang='lat' dir='ltr'><strong>sive</strong></span> <span class='ocrx_word' id='word_1_59' title='bbox 748 1706 864 1763; x_wconf 90' lang='lat' dir='ltr'><strong>quod</strong></span> <span class='ocrx_word' id='word_1_60' title='bbox 903 1720 984 1749; x_wconf 92' lang='lat' dir='ltr'><strong>nec</strong></span> <span class='ocrx_word' id='word_1_61' title='bbox 1020 1705 1147 1748; x_wconf 91' lang='lat' dir='ltr'><strong>aliter</strong></span> <span class='ocrx_word' id='word_1_62' title='bbox 1185 1704 1300 1761; x_wconf 85' lang='lat' dir='ltr'><strong>apud</strong></span> <span class='ocrx_word' id='word_1_63' title='bbox 1338 1703 1516 1747; x_wconf 90' lang='lat' dir='ltr'><strong>Latinos</strong></span> <span class='ocrx_word' id='word_1_64' title='bbox 1559 1706 1761 1759; x_wconf 91' lang='lat' dir='ltr'><strong>poterant</strong></span> <span class='ocrx_word' id='word_1_65' title='bbox 1797 1717 1903 1759; x_wconf 85' lang='lat' dir='ltr'><strong>esse,</strong></span> 
     </span>
     <span class='ocr_line' id='line_1_16' title="bbox 361 1775 1903 1832; baseline -0.003 -9"><span class='ocrx_word' id='word_1_66' title='bbox 361 1794 459 1823; x_wconf 90' lang='lat' dir='ltr'><strong>cum</strong></span> <span class='ocrx_word' id='word_1_67' title='bbox 491 1795 516 1823; x_wconf 91' lang='lat' dir='ltr'><strong>a</strong></span> <span class='ocrx_word' id='word_1_68' title='bbox 547 1778 638 1822; x_wconf 86' lang='lat' dir='ltr'><strong>suis</strong></span> <span class='ocrx_word' id='word_1_69' title='bbox 669 1778 848 1822; x_wconf 85' lang='lat' dir='ltr'><strong>vocibus</strong></span> <span class='ocrx_word' id='word_1_70' title='bbox 880 1777 1050 1821; x_wconf 85' lang='lat' dir='ltr'><strong>vocales</strong></span> <span class='ocrx_word' id='word_1_71' title='bbox 1080 1777 1372 1832; x_wconf 73' lang='lat' dir='ltr'><strong>nominentur,</strong></span> <span class='ocrx_word' id='word_1_72' title='bbox 1410 1776 1689 1819; x_wconf 81' lang='lat' dir='ltr'><strong>semivocales</strong></span> <span class='ocrx_word' id='word_1_73' title='bbox 1722 1789 1823 1819; x_wconf 90' lang='lat' dir='ltr'><strong>vero</strong></span> <span class='ocrx_word' id='word_1_74' title='bbox 1855 1775 1903 1818; x_wconf 92' lang='lat' dir='ltr'><strong>in</strong></span> 
     </span>
     <span class='ocr_line' id='line_1_17' title="bbox 358 1847 1900 1908; baseline -0.004 -13"><span class='ocrx_word' id='word_1_75' title='bbox 358 1866 403 1895; x_wconf 90' lang='lat' dir='ltr'><strong>se</strong></span> <span class='ocrx_word' id='word_1_76' title='bbox 434 1851 648 1908; x_wconf 85' lang='lat' dir='ltr'><strong>desinant,</strong></span> <span class='ocrx_word' id='word_1_77' title='bbox 687 1852 831 1894; x_wconf 86' lang='lat' dir='ltr'><strong>mutae</strong></span> <span class='ocrx_word' id='word_1_78' title='bbox 863 1865 887 1892; x_wconf 87' lang='lat' dir='ltr'><strong>a</strong></span> <span class='ocrx_word' id='word_1_79' title='bbox 919 1865 964 1892; x_wconf 88' lang='lat' dir='ltr'><strong>se</strong></span> <span class='ocrx_word' id='word_1_80' title='bbox 995 1849 1250 1905; x_wconf 77' lang='lat' dir='ltr'><strong>incipientes</strong></span> <span class='ocrx_word' id='word_1_81' title='bbox 1282 1847 1419 1891; x_wconf 83' lang='lat' dir='ltr'><strong>vocali</strong></span> <span class='ocrx_word' id='word_1_82' title='bbox 1451 1847 1754 1900; x_wconf 74' lang='lat' dir='ltr'><strong>terminentur,</strong></span> <span class='ocrx_word' id='word_1_83' title='bbox 1792 1861 1900 1904; x_wconf 87' lang='lat' dir='ltr'><strong>quas</strong></span> 
     </span>
     <span class='ocr_line' id='line_1_18' title="bbox 361 1919 1716 1980; baseline -0.004 -14"><span class='ocrx_word' id='word_1_84' title='bbox 361 1923 398 1966; x_wconf 91' lang='lat' dir='ltr'><strong>si</strong></span> <span class='ocrx_word' id='word_1_85' title='bbox 429 1923 588 1979; x_wconf 82' lang='lat' dir='ltr'><strong>flectas,</strong></span> <span class='ocrx_word' id='word_1_86' title='bbox 619 1922 881 1980; x_wconf 84' lang='lat' dir='ltr'><strong>significatio</strong></span> <span class='ocrx_word' id='word_1_87' title='bbox 913 1935 1085 1978; x_wconf 90' lang='lat' dir='ltr'><strong>quoque</strong></span> <span class='ocrx_word' id='word_1_88' title='bbox 1116 1921 1342 1964; x_wconf 90' lang='lat' dir='ltr'><strong>nominum</strong></span> <span class='ocrx_word' id='word_1_89' title='bbox 1373 1934 1459 1963; x_wconf 90' lang='lat' dir='ltr'><strong>una</strong></span> <span class='ocrx_word' id='word_1_90' title='bbox 1490 1919 1716 1962; x_wconf 82' lang='lat' dir='ltr'><strong>evanescit.</strong></span> 
     </span>
    </p>

    <p class='ocr_par' dir='ltr' id='par_1_9' title="bbox 142 1991 1902 2120">
     <span class='ocr_line' id='line_1_19' title="bbox 142 1991 1900 2053; baseline -0.003 -14"><span class='ocrx_word' id='word_1_91' title='bbox 142 1995 199 2038; x_wconf 87' lang='grc'><strong>41</strong></span> <span class='ocrx_word' id='word_1_92' title='bbox 234 1993 343 2053; x_wconf 90' lang='grc'>(104</span> <span class='ocrx_word' id='word_1_93' title='bbox 368 1993 468 2053; x_wconf 84' lang='grc'>[2]).</span> <span class='ocrx_word' id='word_1_94' title='bbox 512 1994 671 2052; x_wconf 91' lang='lat' dir='ltr'><strong>(Varro</strong></span> <span class='ocrx_word' id='word_1_95' title='bbox 697 1992 840 2052; x_wconf 89' lang='lat' dir='ltr'><strong>docet)</strong></span> <span class='ocrx_word' id='word_1_96' title='bbox 865 1994 1032 2037; x_wconf 88' lang='lat' dir='ltr'><strong>litteras</strong></span> <span class='ocrx_word' id='word_1_97' title='bbox 1058 1991 1163 2036; x_wconf 91' lang='lat' dir='ltr'><strong>XVI</strong></span> <span class='ocrx_word' id='word_1_98' title='bbox 1187 1992 1335 2048; x_wconf 86' lang='lat' dir='ltr'><strong>fuisse,</strong></span> <span class='ocrx_word' id='word_1_99' title='bbox 1365 1994 1516 2049; x_wconf 87' lang='lat' dir='ltr'><strong>postea</strong></span> <span class='ocrx_word' id='word_1_100' title='bbox 1543 1993 1690 2034; x_wconf 91' lang='lat' dir='ltr'><strong>tamen</strong></span> <span class='ocrx_word' id='word_1_101' title='bbox 1715 1991 1900 2034; x_wconf 84' lang='lat' dir='ltr'><strong>crevisse</strong></span> 
     </span>
     <span class='ocr_line' id='line_1_20' title="bbox 360 2062 1902 2120; baseline -0.003 -10"><span class='ocrx_word' id='word_1_102' title='bbox 360 2069 403 2110; x_wconf 89' lang='lat' dir='ltr'><strong>et</strong></span> <span class='ocrx_word' id='word_1_103' title='bbox 439 2066 576 2110; x_wconf 84' lang='lat' dir='ltr'><strong>factas</strong></span> <span class='ocrx_word' id='word_1_104' title='bbox 613 2080 705 2109; x_wconf 81' lang='lat' dir='ltr'><strong>esse</strong></span> <span class='ocrx_word' id='word_1_105' title='bbox 735 2063 883 2108; x_wconf 90' lang='lat' dir='ltr'>XXIII</span> <span class='ocrx_word' id='word_1_106' title='bbox 916 2099 925 2108; x_wconf 92' lang='lat'><strong><em>.</em></strong></span> <span class='ocrx_word' id='word_1_107' title='bbox 952 2099 960 2108; x_wconf 95' lang='lat'><strong><em>.</em></strong></span> <span class='ocrx_word' id='word_1_108' title='bbox 988 2099 997 2108; x_wconf 94' lang='lat'><em>.</em></span> <span class='ocrx_word' id='word_1_109' title='bbox 1029 2065 1105 2120; x_wconf 92' lang='lat' dir='ltr'><strong>qui</strong></span> <span class='ocrx_word' id='word_1_110' title='bbox 1135 2065 1254 2107; x_wconf 89' lang='lat' dir='ltr'><strong>illam</strong></span> <span class='ocrx_word' id='word_1_111' title='bbox 1284 2063 1475 2106; x_wconf 85' lang='lat' dir='ltr'><strong>litteram</strong></span> <span class='ocrx_word' id='word_1_112' title='bbox 1505 2062 1627 2118; x_wconf 85' lang='lat' dir='ltr'><strong>fecit,</strong></span> <span class='ocrx_word' id='word_1_113' title='bbox 1669 2063 1744 2119; x_wconf 90' lang='lat' dir='ltr'><strong>qui</strong></span> <span class='ocrx_word' id='word_1_114' title='bbox 1780 2062 1902 2106; x_wconf 87' lang='lat' dir='ltr'><strong>illam</strong></span> 
     </span>
    </p>

    <p class='ocr_par' dir='ltr' id='par_1_10' title="bbox 357 2134 1900 2253">
     <span class='ocr_line' id='line_1_21' title="bbox 390 2134 1900 2192; baseline -0.002 -11"><span class='ocrx_word' id='word_1_115' title='bbox 390 2172 399 2181; x_wconf 89' lang='lat'><strong>.</strong></span> <span class='ocrx_word' id='word_1_116' title='bbox 419 2172 428 2181; x_wconf 92' lang='lat'><strong><em>.</em></strong></span> <span class='ocrx_word' id='word_1_117' title='bbox 461 2140 504 2180; x_wconf 90' lang='lat' dir='ltr'><strong>et</strong></span> <span class='ocrx_word' id='word_1_118' title='bbox 535 2152 612 2180; x_wconf 90' lang='lat' dir='ltr'><strong>cur</strong></span> <span class='ocrx_word' id='word_1_119' title='bbox 641 2139 709 2180; x_wconf 93' lang='lat' dir='ltr'><strong>tot</strong></span> <span class='ocrx_word' id='word_1_120' title='bbox 740 2137 827 2180; x_wconf 86' lang='lat' dir='ltr'><strong>sint</strong></span> <span class='ocrx_word' id='word_1_121' title='bbox 851 2139 895 2180; x_wconf 89' lang='lat' dir='ltr'><strong>et</strong></span> <span class='ocrx_word' id='word_1_122' title='bbox 920 2151 1052 2192; x_wconf 89' lang='lat' dir='ltr'><strong>quare</strong></span> <span class='ocrx_word' id='word_1_123' title='bbox 1083 2150 1133 2179; x_wconf 89' lang='lat' dir='ltr'><strong>eo</strong></span> <span class='ocrx_word' id='word_1_124' title='bbox 1161 2135 1309 2179; x_wconf 84' lang='lat' dir='ltr'><strong>ordine</strong></span> <span class='ocrx_word' id='word_1_125' title='bbox 1339 2135 1506 2191; x_wconf 78' lang='lat' dir='ltr'><strong>positae</strong></span> <span class='ocrx_word' id='word_1_126' title='bbox 1532 2137 1575 2177; x_wconf 85' lang='lat' dir='ltr'><strong>et</strong></span> <span class='ocrx_word' id='word_1_127' title='bbox 1601 2149 1732 2190; x_wconf 89' lang='lat' dir='ltr'><strong>quare</strong></span> <span class='ocrx_word' id='word_1_128' title='bbox 1763 2134 1900 2178; x_wconf 87' lang='lat' dir='ltr'><strong>isdem</strong></span> 
     </span>
     <span class='ocr_line' id='line_1_22' title="bbox 357 2209 857 2253; baseline -0.004 0"><span class='ocrx_word' id='word_1_129' title='bbox 357 2209 606 2253; x_wconf 86' lang='lat' dir='ltr'><strong>nominibus</strong></span> <span class='ocrx_word' id='word_1_130' title='bbox 638 2211 857 2253; x_wconf 89' lang='lat' dir='ltr'><strong>vocentur.</strong></span> 
     </span>
    </p>
   </div>
   <div class='ocr_carea' id='block_1_9' title="bbox 143 2306 431 2313">
    <p class='ocr_par' dir='ltr' id='par_1_11' title="bbox 143 2306 431 2313">
     <span class='ocr_line' id='line_1_23' title="bbox 143 2306 431 2313; baseline 0 1073"><span class='ocrx_word' id='word_1_131' title='bbox 143 2306 431 2313; x_wconf 95' lang='lat' dir='ltr'><strong> </strong></span> 
     </span>
    </p>
   </div>
   <div class='ocr_carea' id='block_1_10' title="bbox 143 2358 1904 2887">
    <p class='ocr_par' dir='ltr' id='par_1_12' title="bbox 143 2358 1904 2792">
     <span class='ocr_line' id='line_1_24' title="bbox 262 2358 1901 2408; baseline -0.003 -9"><span class='ocrx_word' id='word_1_132' title='bbox 262 2367 285 2399; x_wconf 72' lang='lat'>4</span> <span class='ocrx_word' id='word_1_133' title='bbox 314 2363 396 2401; x_wconf 80' lang='lat' dir='ltr'><strong>GL.</strong></span> <span class='ocrx_word' id='word_1_134' title='bbox 416 2363 467 2399; x_wconf 92' lang='lat' dir='ltr'>II</span> <span class='ocrx_word' id='word_1_135' title='bbox 482 2364 578 2407; x_wconf 80' lang='lat'><strong><em>7,27</em></strong></span> <span class='ocrx_word' id='word_1_136' title='bbox 603 2363 705 2408; x_wconf 88' lang='lat' dir='ltr'><strong>(sunt</strong></span> <span class='ocrx_word' id='word_1_137' title='bbox 730 2360 1016 2398; x_wconf 81' lang='lat' dir='ltr'><strong>indeclinabilia</strong></span> <span class='ocrx_word' id='word_1_138' title='bbox 1041 2362 1121 2397; x_wconf 87' lang='lat' dir='ltr'><strong>tam</strong></span> <span class='ocrx_word' id='word_1_139' title='bbox 1146 2361 1249 2407; x_wconf 90' lang='lat' dir='ltr'><strong>apud</strong></span> <span class='ocrx_word' id='word_1_140' title='bbox 1269 2360 1430 2396; x_wconf 73' lang='lat' dir='ltr'><strong>Graecos</strong></span> <span class='ocrx_word' id='word_1_141' title='bbox 1456 2359 1727 2395; x_wconf 86' lang='lat' dir='ltr'><strong>elementorum</strong></span> <span class='ocrx_word' id='word_1_142' title='bbox 1746 2358 1901 2395; x_wconf 72' lang='lat' dir='ltr'><strong>nomina</strong></span> 
     </span>
     <span class='ocr_line' id='line_1_25' title="bbox 143 2406 1900 2503; baseline -0.002 -8"><span class='ocrx_word' id='word_1_143' title='bbox 143 2423 262 2496; x_wconf 46' lang='lat'><strong>&amp;3⁸53</strong></span> <span class='ocrx_word' id='word_1_144' title='bbox 283 2410 578 2495; x_wconf 46' lang='lat'><strong>32203333‘35</strong></span> <span class='ocrx_word' id='word_1_145' title='bbox 598 2410 691 2494; x_wconf 61' lang='lat'><strong>:32⁷5</strong></span> <span class='ocrx_word' id='word_1_146' title='bbox 706 2409 827 2494; x_wconf 49' lang='lat' dir='ltr'><strong>33ss</strong></span> <span class='ocrx_word' id='word_1_147' title='bbox 844 2409 1064 2493; x_wconf 45' lang='lat' dir='ltr'><strong>&amp;iffi-iffi</strong></span> <span class='ocrx_word' id='word_1_148' title='bbox 1078 2407 1463 2503; x_wconf 48' lang='lat' dir='ltr'><strong>dfflffitffiffim‘</strong></span> <span class='ocrx_word' id='word_1_149' title='bbox 1483 2407 1717 2501; x_wconf 58' lang='lat' dir='ltr'><strong>‹fflsssgffsn</strong></span> <span class='ocrx_word' id='word_1_150' title='bbox 1730 2406 1900 2492; x_wconf 57' lang='grc' dir='ltr'><strong>Οἰὲθέἒῗῗ</strong></span> 
     </span>
     <span class='ocr_line' id='line_1_26' title="bbox 143 2469 1902 2551; baseline -0.003 -8"><span class='ocrx_word' id='word_1_151' title='bbox 143 2508 408 2544; x_wconf 75' lang='lat' dir='ltr'><strong>taminavimus</strong></span> <span class='ocrx_word' id='word_1_152' title='bbox 426 2517 471 2543; x_wconf 76' lang='lat' dir='ltr'><strong>ex</strong></span> <span class='ocrx_word' id='word_1_153' title='bbox 492 2505 573 2543; x_wconf 71' lang='lat' dir='ltr'><strong>GL.</strong></span> <span class='ocrx_word' id='word_1_154' title='bbox 595 2506 630 2541; x_wconf 92' lang='lat' dir='ltr'><strong><em>V</em></strong></span> <span class='ocrx_word' id='word_1_155' title='bbox 647 2469 727 2550; x_wconf 55' lang='lat'><strong><em>188,</em></strong></span> <span class='ocrx_word' id='word_1_156' title='bbox 743 2509 790 2542; x_wconf 90' lang='lat'><strong>10</strong></span> <span class='ocrx_word' id='word_1_157' title='bbox 809 2505 940 2551; x_wconf 83' lang='lat' dir='ltr'><strong>(Varro</strong></span> <span class='ocrx_word' id='word_1_158' title='bbox 961 2505 1072 2541; x_wconf 88' lang='lat' dir='ltr'><strong>docet</strong></span> <span class='ocrx_word' id='word_1_159' title='bbox 1089 2504 1130 2540; x_wconf 88' lang='lat' dir='ltr'><strong>in</strong></span> <span class='ocrx_word' id='word_1_160' title='bbox 1149 2504 1236 2540; x_wconf 86' lang='lat' dir='ltr'><strong>aliis</strong></span> <span class='ocrx_word' id='word_1_161' title='bbox 1255 2503 1363 2540; x_wconf 87' lang='lat' dir='ltr'><strong>libris</strong></span> <span class='ocrx_word' id='word_1_162' title='bbox 1383 2514 1478 2549; x_wconf 90' lang='lat' dir='ltr'><strong>quos</strong></span> <span class='ocrx_word' id='word_1_163' title='bbox 1498 2503 1547 2539; x_wconf 85' lang='lat' dir='ltr'><strong>ad</strong></span> <span class='ocrx_word' id='word_1_164' title='bbox 1566 2503 1723 2539; x_wconf 88' lang='lat' dir='ltr'><strong>Accium</strong></span> <span class='ocrx_word' id='word_1_165' title='bbox 1742 2502 1902 2551; x_wconf 80' lang='lat' dir='ltr'><strong>[actium</strong></span> 
     </span>
     <span class='ocr_line' id='line_1_27' title="bbox 144 2550 1900 2602; baseline -0.003 -10"><span class='ocrx_word' id='word_1_166' title='bbox 144 2554 266 2602; x_wconf 64' lang='lat' dir='ltr'><strong>codd]</strong></span> <span class='ocrx_word' id='word_1_167' title='bbox 291 2554 443 2600; x_wconf 86' lang='lat' dir='ltr'><strong>scripsit</strong></span> <span class='ocrx_word' id='word_1_168' title='bbox 467 2553 614 2590; x_wconf 83' lang='lat' dir='ltr'><strong>litteras</strong></span> <span class='ocrx_word' id='word_1_169' title='bbox 636 2581 644 2589; x_wconf 87' lang='lat'><strong>.</strong></span> <span class='ocrx_word' id='word_1_170' title='bbox 666 2581 673 2590; x_wconf 91' lang='lat'><strong>.</strong></span> <span class='ocrx_word' id='word_1_171' title='bbox 696 2581 703 2590; x_wconf 93' lang='lat'><strong>.</strong></span> <span class='ocrx_word' id='word_1_172' title='bbox 723 2553 852 2589; x_wconf 87' lang='lat' dir='ltr'>XXIII.</span> <span class='ocrx_word' id='word_1_173' title='bbox 878 2555 1006 2589; x_wconf 75' lang='lat' dir='ltr'><strong>tamen</strong></span> <span class='ocrx_word' id='word_1_174' title='bbox 1036 2553 1180 2599; x_wconf 83' lang='lat' dir='ltr'><strong>primae</strong></span> <span class='ocrx_word' id='word_1_175' title='bbox 1207 2562 1305 2598; x_wconf 84' lang='lat' dir='ltr'><strong>quae</strong></span> <span class='ocrx_word' id='word_1_176' title='bbox 1335 2551 1512 2587; x_wconf 85' lang='lat' dir='ltr'><strong>inventae</strong></span> <span class='ocrx_word' id='word_1_177' title='bbox 1538 2552 1627 2586; x_wconf 87' lang='lat' dir='ltr'><strong>sunt</strong></span> <span class='ocrx_word' id='word_1_178' title='bbox 1658 2550 1812 2587; x_wconf 87' lang='lat' dir='ltr'><strong>fuerunt</strong></span> <span class='ocrx_word' id='word_1_179' title='bbox 1836 2550 1900 2596; x_wconf 80' lang='lat' dir='ltr'><strong>XI,</strong></span> 
     </span>
     <span class='ocr_line' id='line_1_28' title="bbox 144 2598 1904 2649; baseline -0.002 -11"><span class='ocrx_word' id='word_1_180' title='bbox 144 2603 278 2649; x_wconf 85' lang='lat' dir='ltr'><strong>postea</strong></span> <span class='ocrx_word' id='word_1_181' title='bbox 302 2613 398 2648; x_wconf 82' lang='lat' dir='ltr'><strong>quae</strong></span> <span class='ocrx_word' id='word_1_182' title='bbox 429 2601 603 2638; x_wconf 79' lang='lat' dir='ltr'><strong>inventae</strong></span> <span class='ocrx_word' id='word_1_183' title='bbox 630 2603 718 2637; x_wconf 84' lang='lat' dir='ltr'><strong>sunt</strong></span> <span class='ocrx_word' id='word_1_184' title='bbox 751 2601 905 2637; x_wconf 87' lang='lat' dir='ltr'><strong>fuerunt</strong></span> <span class='ocrx_word' id='word_1_185' title='bbox 929 2600 1032 2644; x_wconf 79' lang='lat' dir='ltr'><strong>XV13</strong></span> <span class='ocrx_word' id='word_1_186' title='bbox 1066 2602 1200 2646; x_wconf 82' lang='lat' dir='ltr'><strong>postea</strong></span> <span class='ocrx_word' id='word_1_187' title='bbox 1225 2601 1353 2636; x_wconf 83' lang='lat' dir='ltr'><strong>autem</strong></span> <span class='ocrx_word' id='word_1_188' title='bbox 1378 2599 1500 2635; x_wconf 90' lang='lat' dir='ltr'>XXIII</span> <span class='ocrx_word' id='word_1_189' title='bbox 1523 2598 1647 2634; x_wconf 84' lang='lat' dir='ltr'><strong>factae</strong></span> <span class='ocrx_word' id='word_1_190' title='bbox 1673 2600 1772 2635; x_wconf 90' lang='lat' dir='ltr'><strong>sunt.</strong></span> <span class='ocrx_word' id='word_1_191' title='bbox 1821 2598 1904 2634; x_wconf 86' lang='lat' dir='ltr'><strong>illic</strong></span> 
     </span>
     <span class='ocr_line' id='line_1_29' title="bbox 144 2646 1904 2703; baseline -0.002 -17"><span class='ocrx_word' id='word_1_192' title='bbox 144 2651 470 2694; x_wconf 78' lang='lat' dir='ltr'><strong>commemoratur,</strong></span> <span class='ocrx_word' id='word_1_193' title='bbox 494 2649 560 2695; x_wconf 88' lang='lat' dir='ltr'><strong>qui</strong></span> <span class='ocrx_word' id='word_1_194' title='bbox 581 2677 589 2685; x_wconf 93' lang='lat'><strong>.</strong></span> <span class='ocrx_word' id='word_1_195' title='bbox 611 2676 619 2685; x_wconf 88' lang='lat'><strong>.</strong></span> <span class='ocrx_word' id='word_1_196' title='bbox 640 2676 648 2685; x_wconf 93' lang='lat'><strong>.</strong></span> <span class='ocrx_word' id='word_1_197' title='bbox 668 2648 788 2695; x_wconf 89' lang='lat' dir='ltr'><strong>illam)</strong></span> <span class='ocrx_word' id='word_1_198' title='bbox 808 2653 842 2686; x_wconf 81' lang='lat' dir='ltr'><strong>et</strong></span> <span class='ocrx_word' id='word_1_199' title='bbox 854 2651 916 2693; x_wconf 83' lang='lat'><strong>98,</strong></span> <span class='ocrx_word' id='word_1_200' title='bbox 927 2651 979 2685; x_wconf 75' lang='lat'><strong>20</strong></span> <span class='ocrx_word' id='word_1_201' title='bbox 998 2648 1162 2703; x_wconf 71' lang='lat' dir='ltr'><strong>(litterae</strong></span> <span class='ocrx_word' id='word_1_202' title='bbox 1183 2647 1286 2694; x_wconf 89' lang='lat' dir='ltr'><strong>apud</strong></span> <span class='ocrx_word' id='word_1_203' title='bbox 1304 2647 1464 2683; x_wconf 83' lang='lat' dir='ltr'><strong>maiores</strong></span> <span class='ocrx_word' id='word_1_204' title='bbox 1483 2648 1630 2682; x_wconf 87' lang='lat' dir='ltr'><strong>nostros</strong></span> <span class='ocrx_word' id='word_1_205' title='bbox 1650 2657 1725 2682; x_wconf 88' lang='lat' dir='ltr'><strong>non</strong></span> <span class='ocrx_word' id='word_1_206' title='bbox 1750 2646 1904 2682; x_wconf 86' lang='lat' dir='ltr'><strong>fuerunt</strong></span> 
     </span>
     <span class='ocr_line' id='line_1_30' title="bbox 144 2694 1900 2743; baseline -0.003 -9"><span class='ocrx_word' id='word_1_207' title='bbox 144 2697 276 2742; x_wconf 83' lang='lat' dir='ltr'><strong>xxm,</strong></span> <span class='ocrx_word' id='word_1_208' title='bbox 302 2697 368 2733; x_wconf 89' lang='lat' dir='ltr'><strong>sed</strong></span> <span class='ocrx_word' id='word_1_209' title='bbox 392 2696 489 2733; x_wconf 83' lang='lat' dir='ltr'>XVI.</span> <span class='ocrx_word' id='word_1_210' title='bbox 514 2699 648 2743; x_wconf 82' lang='lat' dir='ltr'><strong>postea</strong></span> <span class='ocrx_word' id='word_1_211' title='bbox 673 2697 825 2732; x_wconf 72' lang='lat' dir='ltr'><strong>additae</strong></span> <span class='ocrx_word' id='word_1_212' title='bbox 851 2698 940 2732; x_wconf 90' lang='lat' dir='ltr'><strong>sunt</strong></span> <span class='ocrx_word' id='word_1_213' title='bbox 965 2695 1063 2733; x_wconf 82' lang='lat' dir='ltr'><strong>aliae</strong></span> <span class='ocrx_word' id='word_1_214' title='bbox 1083 2724 1091 2732; x_wconf 95' lang='lat'><strong>.</strong></span> <span class='ocrx_word' id='word_1_215' title='bbox 1114 2724 1121 2732; x_wconf 93' lang='lat'>.</span> <span class='ocrx_word' id='word_1_216' title='bbox 1143 2724 1151 2732; x_wconf 90' lang='lat'>.</span> <span class='ocrx_word' id='word_1_217' title='bbox 1171 2695 1353 2732; x_wconf 82' lang='lat' dir='ltr'><strong>habemus</strong></span> <span class='ocrx_word' id='word_1_218' title='bbox 1378 2695 1450 2731; x_wconf 90' lang='lat' dir='ltr'><strong>hoc</strong></span> <span class='ocrx_word' id='word_1_219' title='bbox 1474 2694 1515 2730; x_wconf 91' lang='lat' dir='ltr'><strong>in</strong></span> <span class='ocrx_word' id='word_1_220' title='bbox 1540 2694 1648 2730; x_wconf 87' lang='lat' dir='ltr'><strong>libris</strong></span> <span class='ocrx_word' id='word_1_221' title='bbox 1674 2694 1722 2729; x_wconf 87' lang='lat' dir='ltr'><strong>ad</strong></span> <span class='ocrx_word' id='word_1_222' title='bbox 1743 2694 1900 2730; x_wconf 84' lang='lat' dir='ltr'><strong>Accium</strong></span> 
     </span>
     <span class='ocr_line' id='line_1_31' title="bbox 164 2742 1901 2792; baseline -0.002 -11"><span class='ocrx_word' id='word_1_223' title='bbox 164 2745 301 2781; x_wconf 81' lang='lat' dir='ltr'><strong>attium</strong></span> <span class='ocrx_word' id='word_1_224' title='bbox 319 2744 379 2781; x_wconf 86' lang='lat' dir='ltr'><strong>vel</strong></span> <span class='ocrx_word' id='word_1_225' title='bbox 405 2744 547 2781; x_wconf 75' lang='lat' dir='ltr'><strong>actium</strong></span> <span class='ocrx_word' id='word_1_226' title='bbox 572 2745 691 2792; x_wconf 58' lang='lat' dir='ltr'><strong>codd]</strong></span> <span class='ocrx_word' id='word_1_227' title='bbox 718 2745 820 2791; x_wconf 84' lang='lat' dir='ltr'><strong>apud</strong></span> <span class='ocrx_word' id='word_1_228' title='bbox 839 2744 1046 2780; x_wconf 87' lang='lat' dir='ltr'><strong>Varronem</strong></span> <span class='ocrx_word' id='word_1_229' title='bbox 1071 2745 1110 2779; x_wconf 88' lang='lat' dir='ltr'><strong>et</strong></span> <span class='ocrx_word' id='word_1_230' title='bbox 1134 2755 1201 2780; x_wconf 87' lang='lat' dir='ltr'><strong>cur</strong></span> <span class='ocrx_word' id='word_1_231' title='bbox 1220 2772 1227 2780; x_wconf 92' lang='lat'>.</span> <span class='ocrx_word' id='word_1_232' title='bbox 1250 2772 1257 2779; x_wconf 95' lang='lat'><strong>.</strong></span> <span class='ocrx_word' id='word_1_233' title='bbox 1280 2771 1287 2779; x_wconf 91' lang='lat'><strong>.</strong></span> <span class='ocrx_word' id='word_1_234' title='bbox 1308 2744 1500 2788; x_wconf 81' lang='lat' dir='ltr'><strong>vocentur)</strong></span> <span class='ocrx_word' id='word_1_235' title='bbox 1508 2756 1521 2787; x_wconf 89' lang='lat'><em>;</em></span> <span class='ocrx_word' id='word_1_236' title='bbox 1546 2743 1593 2787; x_wconf 76' lang='lat' dir='ltr'><strong>cf.</strong></span> <span class='ocrx_word' id='word_1_237' title='bbox 1616 2742 1698 2779; x_wconf 81' lang='lat' dir='ltr'><strong>GL.</strong></span> <span class='ocrx_word' id='word_1_238' title='bbox 1720 2743 1772 2778; x_wconf 92' lang='lat' dir='ltr'>II</span> <span class='ocrx_word' id='word_1_239' title='bbox 1786 2745 1843 2786; x_wconf 89' lang='lat'><strong>11,</strong></span> <span class='ocrx_word' id='word_1_240' title='bbox 1858 2746 1901 2786; x_wconf 87' lang='lat'><strong>1;</strong></span> 
     </span>
    </p>

    <p class='ocr_par' dir='ltr' id='par_1_13' title="bbox 144 2791 1903 2887">
     <span class='ocr_line' id='line_1_32' title="bbox 185 2791 1903 2838; baseline -0.003 -8"><span class='ocrx_word' id='word_1_241' title='bbox 185 2794 285 2838; x_wconf 86' lang='lat'><strong><em>111,</em></strong></span> <span class='ocrx_word' id='word_1_242' title='bbox 299 2795 331 2829; x_wconf 86' lang='lat'><strong>5.</strong></span> <span class='ocrx_word' id='word_1_243' title='bbox 357 2795 419 2837; x_wconf 85' lang='lat'><strong>23,</strong></span> <span class='ocrx_word' id='word_1_244' title='bbox 434 2795 489 2829; x_wconf 80' lang='lat'><strong>14.</strong></span> <span class='ocrx_word' id='word_1_245' title='bbox 517 2795 682 2837; x_wconf 79' lang='lat'><strong><em>194,10;</em></strong></span> <span class='ocrx_word' id='word_1_246' title='bbox 713 2792 796 2828; x_wconf 85' lang='lat' dir='ltr'>VII</span> <span class='ocrx_word' id='word_1_247' title='bbox 815 2794 899 2837; x_wconf 85' lang='lat'><strong><em>325,</em></strong></span> <span class='ocrx_word' id='word_1_248' title='bbox 915 2795 957 2836; x_wconf 90' lang='lat'><strong>1;</strong></span> <span class='ocrx_word' id='word_1_249' title='bbox 982 2793 1082 2828; x_wconf 68' lang='lat' dir='ltr'><strong>Ptin.</strong></span> <span class='ocrx_word' id='word_1_250' title='bbox 1104 2792 1296 2835; x_wconf 82' lang='lat' dir='ltr'><strong><em>V11192;</em></strong></span> <span class='ocrx_word' id='word_1_251' title='bbox 1327 2791 1410 2828; x_wconf 78' lang='lat' dir='ltr'><strong>Tac.</strong></span> <span class='ocrx_word' id='word_1_252' title='bbox 1432 2803 1521 2827; x_wconf 73' lang='lat' dir='ltr'><strong>ann.</strong></span> <span class='ocrx_word' id='word_1_253' title='bbox 1543 2791 1686 2834; x_wconf 77' lang='lat' dir='ltr'><strong><em>X114;</em></strong></span> <span class='ocrx_word' id='word_1_254' title='bbox 1710 2801 1786 2827; x_wconf 77' lang='lat' dir='ltr'><strong>mm</strong></span> <span class='ocrx_word' id='word_1_255' title='bbox 1809 2794 1903 2827; x_wconf 73' lang='lat' dir='ltr'><strong>recte</strong></span> 
     </span>
     <span class='ocr_line' id='line_1_33' title="bbox 144 2840 1177 2887; baseline -0.003 -9"><span class='ocrx_word' id='word_1_256' title='bbox 144 2841 216 2878; x_wconf 75' lang='lat' dir='ltr'><strong>huc</strong></span> <span class='ocrx_word' id='word_1_257' title='bbox 238 2842 380 2878; x_wconf 77' lang='lat' dir='ltr'><strong>rettulit</strong></span> <span class='ocrx_word' id='word_1_258' title='bbox 407 2841 493 2877; x_wconf 77' lang='lat' dir='ltr'><strong>Keil</strong></span> <span class='ocrx_word' id='word_1_259' title='bbox 517 2841 560 2877; x_wconf 81' lang='lat' dir='ltr'><strong>in</strong></span> <span class='ocrx_word' id='word_1_260' title='bbox 585 2840 671 2877; x_wconf 69' lang='lat' dir='ltr'><strong>adn.</strong></span> <span class='ocrx_word' id='word_1_261' title='bbox 699 2841 766 2876; x_wconf 89' lang='lat' dir='ltr'>IV</span> <span class='ocrx_word' id='word_1_262' title='bbox 785 2843 869 2884; x_wconf 86' lang='lat'><strong><em>519,</em></strong></span> <span class='ocrx_word' id='word_1_263' title='bbox 885 2843 947 2876; x_wconf 89' lang='lat'><strong>11:</strong></span> <span class='ocrx_word' id='word_1_264' title='bbox 972 2852 1004 2876; x_wconf 88' lang='lat' dir='ltr'><strong>v.</strong></span> <span class='ocrx_word' id='word_1_265' title='bbox 1030 2840 1101 2887; x_wconf 75' lang='lat' dir='ltr'><strong>fry.</strong></span> <span class='ocrx_word' id='word_1_266' title='bbox 1129 2842 1177 2876; x_wconf 89' lang='grc'><strong>67</strong></span> 
     </span>
    </p>
   </div>
   <div class='ocr_carea' id='block_1_11' title="bbox 145 2927 433 2934">
    <p class='ocr_par' dir='ltr' id='par_1_14' title="bbox 145 2927 433 2934">
     <span class='ocr_line' id='line_1_34' title="bbox 145 2927 433 2934; baseline 0 0"><span class='ocrx_word' id='word_1_267' title='bbox 145 2927 433 2934; x_wconf 95' lang='lat' dir='ltr'><strong> </strong></span> 
     </span>
    </p>
   </div>
   <div class='ocr_carea' id='block_1_12' title="bbox 146 2979 1902 3126">
    <p class='ocr_par' dir='ltr' id='par_1_15' title="bbox 146 2979 1902 3126">
     <span class='ocr_line' id='line_1_35' title="bbox 267 2979 1901 3029; baseline -0.002 -9"><span class='ocrx_word' id='word_1_268' title='bbox 267 2988 286 3020; x_wconf 92' lang='grc'>1</span> <span class='ocrx_word' id='word_1_269' title='bbox 313 2995 371 3021; x_wconf 78' lang='lat' dir='ltr'><strong>om</strong></span> <span class='ocrx_word' id='word_1_270' title='bbox 396 2984 551 3020; x_wconf 78' lang='lat' dir='ltr'><strong>Hieron.</strong></span> <span class='ocrx_word' id='word_1_271' title='bbox 576 2983 655 3019; x_wconf 78' lang='lat' dir='ltr'><strong>ind.</strong></span> <span class='ocrx_word' id='word_1_272' title='bbox 681 2985 693 3028; x_wconf 82' lang='grc' dir='ltr'><strong>ΙΙ</strong></span> <span class='ocrx_word' id='word_1_273' title='bbox 718 2987 825 3029; x_wconf 75' lang='lat' dir='ltr'><strong>4⁸qq.</strong></span> <span class='ocrx_word' id='word_1_274' title='bbox 851 2984 1004 3019; x_wconf 76' lang='lat' dir='ltr'><strong>initium</strong></span> <span class='ocrx_word' id='word_1_275' title='bbox 1026 2982 1227 3029; x_wconf 77' lang='lat' dir='ltr'><strong>fraymenti</strong></span> <span class='ocrx_word' id='word_1_276' title='bbox 1251 2983 1377 3028; x_wconf 76' lang='lat' dir='ltr'><strong>(usque</strong></span> <span class='ocrx_word' id='word_1_277' title='bbox 1402 2981 1452 3016; x_wconf 86' lang='lat' dir='ltr'><strong>ad</strong></span> <span class='ocrx_word' id='word_1_278' title='bbox 1477 2981 1648 3015; x_wconf 80' lang='lat' dir='ltr'><strong>auctores</strong></span> <span class='ocrx_word' id='word_1_279' title='bbox 1675 2979 1901 3026; x_wconf 82' lang='lat' dir='ltr'><strong>litterarum)</strong></span> 
     </span>
     <span class='ocr_line' id='line_1_36' title="bbox 146 3028 1902 3077; baseline -0.002 -9"><span class='ocrx_word' id='word_1_280' title='bbox 146 3042 225 3068; x_wconf 61' lang='lat' dir='ltr'><strong>msa</strong></span> <span class='ocrx_word' id='word_1_281' title='bbox 257 3042 341 3068; x_wconf 67' lang='lat' dir='ltr'><strong>mun</strong></span> <span class='ocrx_word' id='word_1_282' title='bbox 371 3032 489 3069; x_wconf 73' lang='lat' dir='ltr'><strong>verbis</strong></span> <span class='ocrx_word' id='word_1_283' title='bbox 522 3031 780 3068; x_wconf 70' lang='lat' dir='ltr'><strong>inducentibus</strong></span> <span class='ocrx_word' id='word_1_284' title='bbox 814 3030 928 3077; x_wconf 86' lang='lat' dir='ltr'><strong>(quod</strong></span> <span class='ocrx_word' id='word_1_285' title='bbox 963 3041 1044 3067; x_wconf 85' lang='lat' dir='ltr'><strong>esse</strong></span> <span class='ocrx_word' id='word_1_286' title='bbox 1069 3029 1236 3066; x_wconf 83' lang='lat' dir='ltr'><strong>ostendit</strong></span> <span class='ocrx_word' id='word_1_287' title='bbox 1261 3041 1288 3066; x_wconf 80' lang='lat' dir='ltr'><strong>e.</strong></span> <span class='ocrx_word' id='word_1_288' title='bbox 1309 3041 1340 3075; x_wconf 79' lang='lat' dir='ltr'><strong>q.</strong></span> <span class='ocrx_word' id='word_1_289' title='bbox 1360 3030 1403 3072; x_wconf 77' lang='lat' dir='ltr'><strong>s.)</strong></span> <span class='ocrx_word' id='word_1_290' title='bbox 1432 3028 1552 3074; x_wconf 78' lang='lat' dir='ltr'><strong>pauci</strong></span> <span class='ocrx_word' id='word_1_291' title='bbox 1584 3028 1673 3064; x_wconf 74' lang='lat' dir='ltr'><strong>libri</strong></span> <span class='ocrx_word' id='word_1_292' title='bbox 1704 3032 1902 3065; x_wconf 72' lang='lat' dir='ltr'><strong>servarunt</strong></span> 
     </span>
     <span class='ocr_line' id='line_1_37' title="bbox 147 3075 1648 3126; baseline -0.001 -10"><span class='ocrx_word' id='word_1_293' title='bbox 147 3081 265 3124; x_wconf 69' lang='lat' dir='ltr'><strong>(unus</strong></span> <span class='ocrx_word' id='word_1_294' title='bbox 287 3079 373 3126; x_wconf 86' lang='lat' dir='ltr'><strong>[om.</strong></span> <span class='ocrx_word' id='word_1_295' title='bbox 398 3090 479 3115; x_wconf 78' lang='lat' dir='ltr'><strong>esse</strong></span> <span class='ocrx_word' id='word_1_296' title='bbox 505 3083 539 3116; x_wconf 78' lang='lat' dir='ltr'><strong>ct</strong></span> <span class='ocrx_word' id='word_1_297' title='bbox 562 3079 699 3114; x_wconf 88' lang='lat' dir='ltr'><strong>docens</strong></span> <span class='ocrx_word' id='word_1_298' title='bbox 724 3078 749 3114; x_wconf 91' lang='lat' dir='ltr'><strong>l.</strong></span> <span class='ocrx_word' id='word_1_299' title='bbox 775 3077 840 3114; x_wconf 88' lang='lat' dir='ltr'><strong>Ch.</strong></span> <span class='ocrx_word' id='word_1_300' title='bbox 867 3090 895 3114; x_wconf 84' lang='lat' dir='ltr'><strong>s.</strong></span> <span class='ocrx_word' id='word_1_301' title='bbox 921 3090 958 3114; x_wconf 91' lang='lat' dir='ltr'><strong>n.</strong></span> <span class='ocrx_word' id='word_1_302' title='bbox 984 3078 1025 3125; x_wconf 93' lang='lat' dir='ltr'><strong>l.]</strong></span> <span class='ocrx_word' id='word_1_303' title='bbox 1050 3079 1093 3114; x_wconf 79' lang='lat' dir='ltr'><strong>in</strong></span> <span class='ocrx_word' id='word_1_304' title='bbox 1117 3088 1253 3124; x_wconf 58' lang='lat' dir='ltr'><strong>marg„</strong></span> <span class='ocrx_word' id='word_1_305' title='bbox 1278 3078 1371 3113; x_wconf 80' lang='lat' dir='ltr'><strong>alter</strong></span> <span class='ocrx_word' id='word_1_306' title='bbox 1395 3077 1437 3112; x_wconf 78' lang='lat' dir='ltr'><strong>in</strong></span> <span class='ocrx_word' id='word_1_307' title='bbox 1461 3075 1648 3114; x_wconf 73' lang='lat' dir='ltr'><strong>schedula)</strong></span> 
     </span>
    </p>
   </div>
  </div>
 </body>
</html>
