2176 3386
0 0 76 204 ἶ
823 170 970 207 LIBER
994 170 1026 206 x
1051 173 1193 208 47-56
1804 172 1891 216 185

0 205 15 263 g

0 546 9 603 ,ἰ

130 277 276 324 Haroo
308 278 488 336 Quinto,
531 280 623 323 fore
660 282 710 323 ut
747 279 805 323 sit
835 278 1006 323 Marcus
1037 279 1241 337 Quintus3
1285 282 1357 337 qni
1401 284 1634 338 utrumque
1672 284 1892 339 sequetur,

131 349 246 395 dicet
275 350 312 395 si
343 351 401 394 sit
430 350 588 407 simile,
629 350 838 394 transitus
869 354 919 395 ut
948 354 1013 395 est
1054 352 1099 395 in
1130 366 1279 396 servus
1311 366 1451 409 serve,
1489 353 1583 397 fore
1615 356 1664 396 ut
1695 353 1753 397 sit
1785 353 1888 397 item

130 435 282 467 cervus
312 435 445 466 corve.
493 423 779 478 co<m>mune
809 422 1003 467 omnium
1034 426 1116 479 est,
1157 426 1205 467 ut
1238 427 1443 479 quattuor
1473 424 1636 483 figurae
1670 426 1785 468 vocis
1816 425 1890 468 ha-

131 493 262 539 beant
296 494 578 551 proportione
616 494 865 538 declinatus.
925 495 1113 551 primum
1152 510 1287 553 genus
1325 499 1390 539 est
1421 498 1565 539 ortum
1602 496 1656 539 ab
1689 496 1889 540 similitu-

94 586 112 613 ι
131 564 232 610 dine
261 565 307 610 in
332 565 459 609 rectis
492 566 675 619 casibus,
707 566 941 610 secundum
972 566 1027 609 ab
1054 566 1339 611 similitudine
1372 582 1481 624 quae
1513 570 1578 611 est
1610 568 1656 611 in
1687 568 1890 624 obliquis,

129 636 306 681 tertium
346 638 401 681 ab
444 638 727 682 similitudine
769 653 878 695 quae
918 641 984 681 est
1024 638 1068 681 in
1108 637 1365 683 transitibus
1407 639 1458 682 de
1499 654 1600 683 casn
1641 640 1687 683 in
1731 654 1889 684 casum.

129 709 270 766 primo
301 723 457 767 genere
488 709 542 752 ab
575 710 780 766 imposito
812 709 866 753 ad
897 712 1094 753 naturam
1126 710 1452 767 proficiscimur,
1494 711 1539 753 in
1571 711 1758 754 secundo
1792 726 1890 755 con-

129 782 209 836 tra,
239 780 285 823 in
309 780 440 824 tertio
472 780 525 823 ab
551 784 748 837 utroque.
799 780 1003 837 quocirca
1034 782 1163 825 etiam
1195 781 1279 825 hoc
1306 783 1482 825 tertium
1516 785 1660 838 potest
1689 782 1890 826 bifariam

130 850 316 896 divisum
347 853 524 896 tertium
556 855 599 896 et
631 855 832 909 quartum
865 852 962 906 dici,
993 854 1109 910 quod
1141 854 1186 896 in
1217 868 1267 897 eo
1294 855 1363 897 vel
1387 868 1541 910 prosus
1568 857 1612 897 et
1637 869 1762 898 rosus
1793 857 1890 911 pot-

75 944 112 972 ιο
129 926 197 968 est
235 923 333 967 dici.
404 924 479 980 qui
524 924 649 967 initia
690 924 821 968 faciet
857 924 1082 983 analogiae
1119 925 1438 982 impositiones,
1481 926 1536 969 ab
1576 926 1645 969 his
1686 926 1890 983 obliquas

128 995 292 1053 figuras
323 995 536 1040 declinare
568 995 760 1054 debebit3
800 996 875 1053 qui
905 999 1118 1053 naturam,
1158 1000 1325 1054 contra3
1367 997 1442 1053 qui
1474 998 1527 1041 ab
1560 1001 1754 1055 utraque,
1789 998 1889 1042 reli-

129 1082 238 1125 quas
279 1067 589 1112 declinationes
629 1067 683 1111 ab
725 1068 935 1111 eiusmodi
976 1068 1243 1111 transitibus.
1304 1069 1526 1125 impositio
1558 1073 1625 1112 est
1662 1070 1708 1113 in
1739 1073 1889 1114 nostro

129 1138 375 1192 dominatu,
414 1154 494 1183 nos
526 1140 571 1182 in
601 1139 856 1196 natura<e>:
901 1140 1261 1197 quemadmodum
1294 1141 1408 1184 enim
1446 1141 1630 1197 quisque
1661 1142 1771 1198 volt,
1811 1142 1889 1184 im-

128 1211 253 1268 ponit
288 1225 465 1266 nomen,
505 1214 549 1254 at
587 1211 789 1268 declinat,
831 1212 1190 1267 quemadmodum
1223 1212 1316 1256 volt
1352 1215 1515 1256 natura.
1579 1213 1652 1256 sed
1684 1213 1888 1269 quoniam

75 1303 110 1330 η
129 1282 297 1326 duobus
327 1283 469 1326 modis
500 1282 741 1339 imponitur
771 1283 1026 1328 vocabulum
1067 1287 1142 1327 aut
1172 1299 1217 1327 re
1250 1284 1460 1342 singulari
1491 1287 1568 1327 aut
1598 1285 1889 1342 multitudine,

129 1354 352 1413 singulari,
383 1357 433 1398 ut
457 1355 581 1411 cicer,
611 1355 915 1412 multitudinis,
946 1357 996 1397 ut
1027 1355 1178 1412 scalae,
1207 1369 1288 1399 nec
1319 1355 1498 1398 dubium
1531 1359 1610 1411 est,
1642 1356 1750 1412 quin
1781 1356 1889 1399 ordo

130 1425 441 1482 declinatuum,
479 1426 526 1469 in
557 1441 643 1482 quo
681 1441 749 1469 res
780 1426 1019 1484 singulares
1051 1426 1381 1470 declinabuntur
1412 1427 1546 1484 solae,
1584 1427 1638 1470 ab
1677 1427 1889 1485 singulari

129 1497 276 1553 aliquo
308 1511 410 1540 casu
440 1498 825 1554 proficisca[n]tur,
854 1501 904 1541 ut
935 1498 1046 1541 cicer
1077 1499 1205 1542 ciceri
1237 1499 1405 1555 ciceris,
1442 1499 1545 1542 item
1579 1502 1730 1542 contra
1761 1500 1806 1542 in
1838 1514 1889 1543 eo

130 1570 290 1627 ordine,
321 1570 395 1627 qui
427 1570 721 1614 multitudinis
753 1571 835 1614 erit
860 1571 1014 1627 solum,
1045 1570 1150 1627 quin
1182 1585 1207 1612 a
1232 1570 1524 1614 multitudinis
1556 1571 1760 1627 a<li>quo
1788 1585 1890 1614 casu

76 1661 112 1688 ιο
131 1641 264 1685 ordiri
296 1642 534 1699 conveniat,
564 1645 615 1685 ut
646 1643 785 1686 scalae
816 1642 943 1686 scalis
975 1642 1129 1686 scalas:
1160 1643 1278 1686 aliud
1309 1643 1541 1686 videndum
1574 1645 1651 1698 est,
1684 1657 1782 1686 cum
1815 1643 1891 1686 du-

128 1714 229 1771 plex
265 1716 422 1757 natura
458 1713 660 1771 copulata
696 1728 746 1757 ac
783 1714 1043 1758 declinatum
1081 1714 1174 1756 bini
1212 1715 1319 1757 fiant
1356 1714 1546 1770 ordines,
1584 1717 1633 1757 ut
1670 1717 1736 1757 est
1772 1714 1891 1758 Mars

127 1783 307 1842 Martes,
350 1785 464 1828 unde
494 1788 586 1828 tum
618 1786 730 1828 ratio
763 1786 986 1843 analogiae
1018 1786 1171 1830 debeat
1203 1786 1355 1842 ordiri,
1398 1789 1545 1829 utrum
1582 1786 1636 1829 ab
1678 1786 1890 1844 singulari

127 1871 174 1900 re
204 1857 251 1900 in
280 1856 603 1900 multitudinem
634 1872 691 1900 an
721 1860 882 1901 contra.
938 1873 1080 1914 neque
1111 1859 1226 1901 enim
1259 1859 1295 1902 si
1325 1861 1479 1902 natura
1509 1859 1563 1900 ab
1595 1873 1682 1902 uno
1715 1859 1769 1901 ad
1801 1859 1888 1901 duo

129 1929 342 1985 pervenit,
379 1929 595 1985 i<d>oirco
625 1944 715 1973 non
744 1933 889 1986 potest
920 1930 1106 1986 amplius
1138 1944 1231 1973 esse
1269 1930 1313 1972 in
1346 1929 1537 1973 docendo
1569 1930 1804 1986 posterius,
1840 1933 1891 1973 ut

11 1998 13 2002 ⁸
76 2019 111 2046 ιο
130 2000 230 2044 inde
261 2000 460 2057 incipias,
499 2004 549 2044 ut
580 2002 685 2058 quid
716 2002 774 2045 sit
803 2002 923 2058 prius
956 2002 1167 2045 ostendas.
1226 2002 1375 2057 itaque
1413 2005 1457 2045 et
1492 2001 1539 2044 hi
1573 2002 1649 2057 qui
1687 2002 1739 2045 de
1771 2003 1889 2045 omni

129 2074 287 2115 natura
317 2072 542 2128 disputant
572 2076 702 2129 atque
732 2073 828 2116 ideo
861 2075 1070 2117 vocantur
1101 2073 1288 2130 physici,
1328 2075 1474 2116 tamen
1512 2089 1565 2116 ex
1601 2072 1671 2116 his
1710 2073 1763 2115 ab
1796 2075 1890 2116 uni-

131 2157 255 2186 versa
291 2147 446 2186 natura
481 2143 666 2200 profecti
708 2147 825 2188 retro
863 2159 972 2201 quae
1008 2147 1151 2187 essent
1189 2144 1403 2201 principia
1447 2145 1597 2187 mundi
1643 2144 1888 2188 ostendunt.

132 2215 271 2258 oratio
298 2230 395 2258 cum
421 2230 474 2258 ex
498 2215 656 2259 litteris
682 2219 862 2272 constat,
892 2219 1037 2259 tamen
1062 2230 1155 2259 eam
1181 2217 1452 2273 grammatici
1479 2217 1531 2259 de
1556 2216 1714 2259 litteris
1747 2218 1887 2259 osten-

132 2286 296 2330 derunt„
348 2301 479 2343 quare
511 2288 555 2330 in
587 2287 933 2343 demonstrando,
965 2288 1167 2344 quoniam
1201 2287 1348 2344 potius
1379 2288 1596 2344 proficisci
1629 2287 1701 2343 [de
1732 2287 1890 2331 litteris

252 2414 296 2446 13
309 2422 360 2456 sq.
389 2410 444 2455 Of.
479 2411 583 2447 VIII
603 2414 663 2455 21,
688 2411 738 2447 al.
775 2413 787 2457 ΙΙ
826 2414 869 2446 16
904 2412 958 2457 Of.
993 2412 1099 2447 VIII
1119 2414 1179 2447 48.
1218 2411 1284 2447 IX
1309 2414 1357 2448 63
1393 2412 1405 2457 ΙΙ
1441 2414 1485 2446 28
1520 2411 1576 2455 Cf.
1605 2411 1687 2448 GL.
1715 2412 1891 2456 1421,9

132 2457 308 2542 fflp'nlim
315 2469 454 2550 3333?
487 2460 574 2541 sung,
607 2458 761 2542 9Ιίιῖἲὲ
763 2470 921 2504 quarum
950 2459 1202 2542 *grammatice
1235 2458 1315 2495 sola
1346 2458 1523 2494 litteralis
1559 2461 1721 2495 est..
1748 2458 1889 2495 idcirco

474 2517 547 2551 quo
599 2518 622 2541 a
661 2519 673 2541 1
732 2507 782 2542 ris
807 2507 979 2553 incipia)

255 2629 271 2660 1
300 2627 428 2661 marcu
459 2626 570 2671 qntu.
603 2636 684 2662 corr
711 2626 833 2663 Ghmst
856 2637 885 2663 c.
912 2627 963 2662 al.
989 2626 1071 2682 (<in
1095 2626 1228 2673 recto>
1254 2637 1395 2672 praem.
1417 2626 1494 2672 Sp.)
1529 2628 1539 2671 u
1574 2629 1595 2661 3
1622 2626 1752 2674 figuflre
1785 2626 1892 2662 uocis

134 2674 206 2728 (re,
230 2683 306 2709 non
331 2674 455 2710 ceteris
459 2638 548 2709 qlitt.
575 2673 729 2719 detritis)
755 2675 766 2719 ΙΙ
793 2677 820 2767 ⁷(
839 2673 1077 2720 impositione
1103 2686 1146 2718 v;
1178 2675 1392 2720 simplicius,
1416 2674 1479 2710 sed
1512 2675 1751 2730 sinyulariter
1770 2675 1891 2720 Ροεειές

132 2720 315 2766 impositu
339 2722 351 2766 ΙΙ
377 2723 397 2755 9
423 2719 470 2756 οὶ
528 2732 590 2756 sus
615 2723 653 2757 et
677 2732 781 2757 rosus
808 2723 843 2767 (o
868 2722 1081 2766 certissima,
1106 2722 1172 2758 etsi
1195 2722 1330 2758 demta
1354 2725 1406 2758 est
1422 2722 1610 2767 scriptura
1634 2723 1675 2757 in
1699 2722 1769 2758 hac
1787 2722 1891 2758 ‹11⁸¹oe-

133 2779 202 2814 que
219 2769 387 2815 paginae
405 2732 593 2815 partaebus)
619 2770 630 2814 ΙΙ
657 2772 700 2804 13
720 2769 796 2805 add
815 2769 924 2816 Steph
949 2771 960 2815 ΙΙ
987 2773 1031 2805 16
1050 2769 1312 2805 multitudine·
1339 2780 1383 2805 ex
1401 2769 1666 2805 multitudinu
1695 2770 1731 2814 (
1755 2770 1892 2806 lineola

133 2845 208 2889 del,
234 2857 254 2880 e
280 2856 324 2882 ex
348 2856 365 2881 t
387 2850 449 2882 et·
475 2845 581 2889 infra
607 2846 661 2891 1):
687 2845 954 2882 multitudinis
968 2847 1031 2893 Q.
1057 2848 1068 2892 ΙΙ
1095 2849 1139 2882 18
1197 2846 1383 2882 ficiscant:
1415 2858 1497 2883 corr
1516 2847 1624 2892 Steph
1649 2849 1660 2891 ΙΙ
1687 2849 1730 2882 19
1757 2857 1854 2891 aquo
1879 2847 1892 2891 ss

135 2896 244 2939 21sq.
270 2892 529 2929 declinatuum
554 2905 576 2930 v
602 2894 608 2939 Ι
635 2905 715 2929 mas
745 2905 867 2929 mares
894 2895 1003 2939 Mae,
1036 2905 1095 2930 ars
1187 2894 1219 2929 is
1245 2894 1306 2939 Sp.
1333 2895 1419 2930 olim
1450 2896 1461 2940 ss
1493 2898 1537 2929 24
1571 2894 1737 2940 apertius
1771 2895 1894 2930 Canae

135 2941 197 2985 (cf.
225 2943 365 2985 186,1)
392 2942 404 2987 ΙΙ
429 2944 475 2977 25
501 2940 554 2986 qd
577 2942 588 2987 ΙΙ
614 2943 659 2976 26
684 2940 821 2987 phisici
844 2943 847 2986 l
877 2952 922 2978 ex
946 2942 1005 2978 his
1029 2943 1107 2979 scil.
1129 2942 1417 2988 ‘posterioribus'
1445 2943 1456 2986 ΙΙ
1482 2945 1525 2977 27
1546 2954 1577 2978 υ.
1599 2941 1650 2977 ad
1667 2944 1719 2978 28
1743 2944 1754 2987 ΙΙ
1781 2945 1825 2977 28
1838 2952 1891 2987 sq.

134 2989 282 3024 constet
307 2988 369 3035 Sp.
400 2989 405 3036 Ι
433 3000 503 3025 an:
534 2989 773 3035 grammatici
808 2989 1015 3038 (demum)
1049 2988 1128 3026 de?
1161 2991 1166 3035 Ι
1201 2989 1406 3025 ostendunt
1436 2990 1519 3034 (εἰσ.-
1551 3001 1582 3025 υ.
1613 2992 1663 3024 27
1695 2990 1736 3024 in
1770 2989 1891 3025 eodem

137 3035 242 3072 verbo
270 3040 395 3073 amm
419 3048 445 3072 u
469 3047 521 3073 an
546 3038 572 3072 fi
595 3036 726 3081 fuerit,
751 3037 828 3074 dici
851 3039 927 3073 iam
952 3038 1078 3083 nequit
1108 3038 1150 3073 in
1176 3038 1251 3073 loco
1276 3037 1425 3073 detrito.-
1455 3038 1521 3073 ιὼς·
1545 3036 1790 3073 ostenderunt
1814 3036 1893 3083 Sp„

132 3087 177 3119 ut
200 3083 233 3118 h.
260 3083 283 3118 1.
308 3085 362 3129 υ).·
387 3084 433 3128 cf.
460 3086 582 3128 186,1
619 3086 630 3130 Η
668 3087 712 3120 29
736 3084 891 3134 „pficisse

1916 508 1965 541 52

1916 938 1966 970 58

1915 1224 1963 1256 54

1916 1868 1965 1900 55

1916 2297 2013 2336 56,
