2176 3386
0 710 10 895 ξ

0 897 8 1127 ἑ

0 1198 14 1596 ἶ

819 180 1200 219 ΔὍΝΟΤΑΤῙΟΝΕΒ
1801 180 1888 225 265

135 297 248 340 m
263 297 360 340 915.
402 296 647 350 prominisei,
673 295 777 348 quod
799 307 997 345 nusquam
1022 296 1173 346 leyitur,
1191 294 1322 344 A.Sp.
1362 294 1439 334 Sed
1463 295 1557 334 haec
1580 305 1659 334 non
1684 298 1765 334 tam
1790 291 1893 344 ‘pro-

132 359 385 405 nuntiantur’
410 374 530 413 quam
555 363 795 413 eoyitantur:
818 362 924 401 unde
948 362 1133 401 ementiri
1151 361 1443 411 proposuimus.

256 436 324 486 78,
346 436 412 475 10.
458 434 613 474 nse-m
651 436 722 480 est,
759 434 862 484 quod
898 434 1125 473 meminisse
1162 444 1242 473 non
1279 433 1529 482 coniunqitur
1559 443 1645 471 eum
1679 431 1892 476 reminisci,

135 500 401 547 comminisci,
415 519 420 523 ·
435 500 504 540 sed
527 511 615 539 eum
641 511 801 546 smens;
833 511 913 539 non
937 500 1070 539 minus
1102 499 1260 548 mirum,
1284 498 1388 547 quod
1410 498 1520 538 nullo
1544 498 1659 538 verbo
1683 498 1895 544 indicatur,

133 566 321 617 quomodo
346 565 574 606 meminisse
593 577 620 604 a
644 567 776 604 mente
796 565 955 605 ductum
973 566 1036 611 sit,
1060 564 1130 603 sed
1154 565 1342 613 quomodo
1366 576 1515 611 amens,
1540 575 1615 613 quo
1638 564 1687 603 de
1709 575 1759 602 ne
1782 564 1894 603 dubi-

134 633 215 678 tari
237 632 394 682 quidem
412 632 563 681 potuit.-
592 632 697 670 unde
720 632 856 670 merito
882 631 1041 671 coniecit
1063 629 1130 679 Sp.
1154 629 1256 669 illud
1280 630 1490 669 delendum
1515 640 1606 670 esse.
1647 629 1895 679 Quamquam

133 699 179 739 in
212 709 254 739 eo
287 709 367 737 non
402 697 618 743 haeremus,
653 698 756 747 quod
782 697 894 737 aliud
919 698 1071 747 etymon
1095 697 1198 735 vocis
1222 696 1451 735 meminisse
1484 696 1624 745 leqitur
1642 696 1766 745 paulo
1793 698 1896 744 post,

135 766 248 804 ouius
270 765 329 804 rei
352 765 545 803 rationem
570 763 764 813 explicare
787 760 938 803 studuit
960 762 1220 802 Reitzenstein
1237 773 1279 811 p.
1303 762 1372 801 38.

259 836 327 886 73,
350 838 416 875 11.
448 835 563 875 Mira
581 835 749 884 protulit
772 836 820 874 de
843 835 904 874 his
928 834 1187 874 Reitzenstein
1207 845 1237 882 p
1264 834 1333 877 39,
1359 845 1460 883 quae
1484 835 1744 883 refutavimus
1770 830 1894 872 ‘Rev-z.

129 902 228 952 phil.
250 897 532 942 Woehenschr?
553 912 589 940 a.
614 902 728 940 1901
746 911 790 950 p.
814 901 941 940 1034.
976 900 1095 939 Luer.
1117 899 1200 938 III
1218 899 1305 938 152
1323 899 1471 947 confert
1493 900 1597 939 idem
1617 896 1897 948 ‘Strassburqer

135 964 389 1016 Festschrist’
403 979 445 1017 p.
470 967 567 1007 159.
607 966 735 1007 Verba
756 967 1051 1016 corruptissima
1069 968 1183 1011 sunt‚·
1207 967 1249 1003 at
1272 967 1418 1005 eertum
1444 968 1499 1004 est
1521 966 1684 1005 invicem
1709 975 1751 1004 se
1775 966 1896 1004 tutari

137 1030 348 1073 ‘metuisti’
376 1033 566 1072 amovisti
593 1035 628 1072 et
653 1029 883 1072 ‘tremuisti'
910 1033 1100 1076 timuisti,
1120 1031 1326 1080 probabile
1349 1031 1543 1080 quaedam
1567 1031 1817 1071 intercidisse.

259 1106 327 1154 73,
349 1106 404 1144 14
417 1116 471 1153 sq.
507 1104 566 1153 Os.
594 1104 853 1144 Reitzenstein
870 1116 913 1154 p.
941 1105 999 1143 35
1012 1115 1066 1153 sq.

260 1172 327 1221 73,
350 1172 402 1210 17
417 1182 471 1220 sq.
508 1170 568 1219 Cf.
588 1170 690 1209 idem
707 1182 751 1219 p.
774 1172 843 1210 36.
878 1170 1055 1210 Ceterum
1080 1170 1173 1209 illae
1194 1169 1395 1219 (Christii)
1414 1171 1495 1209 iam
1521 1171 1722 1219 occupavit
1749 1169 1900 1209 Gilbert

137 1234 289 1277 ‘Gesetu
314 1249 354 1276 u.
381 1233 491 1286 Tap?
509 1249 552 1286 p.
578 1237 678 1276 203.

260 1303 327 1352 74,
349 1303 386 1340 5.
420 1314 538 1353 quom
565 1302 689 1353 pavit,
716 1301 766 1340 ab
792 1314 838 1341 eo
866 1301 1005 1341 Canal.

261 1369 329 1417 74,
349 1369 374 1406 6
389 1380 443 1418 sq.
486 1380 606 1418 quom
640 1367 682 1406 id
717 1367 823 1418 quod
856 1368 1050 1407 remansit
1083 1367 1125 1406 in
1151 1368 1282 1406 mente
1307 1363 1502 1418 (rursus)
1527 1367 1615 1417 init,
1650 1367 1756 1418 quod
1780 1366 1898 1420 (est)
1966 1381 1971 1384 ·

137 1446 272 1475 rursus
288 1436 471 1473 movetur
480 1433 739 1473 Reitzenstein
754 1444 795 1482 p.
810 1433 881 1478 35,
900 1445 980 1472 non
997 1435 1114 1473 reete:
1132 1445 1228 1472 naon
1248 1445 1370 1482 neque
1389 1434 1493 1484 quod
1510 1435 1743 1473 remansit
1759 1446 1902 1473 rursus

137 1502 240 1540 inire
258 1502 387 1550 potest
408 1511 531 1548 neque
554 1510 697 1539 rursus
721 1500 848 1539 inire
870 1498 974 1539 idem
1000 1502 1054 1538 est
1077 1499 1180 1549 quod
1203 1510 1347 1538 rursus
1363 1501 1528 1538 moveri:
1551 1501 1619 1539 sed
1636 1511 1732 1539 sane
1755 1512 1899 1540 rursus

138 1567 370 1606 movendum
397 1568 452 1605 est
475 1565 578 1614 quod
600 1566 790 1605 remansit
812 1566 856 1604 in
880 1567 1004 1604 mente
1028 1566 1088 1604 vel
1112 1566 1215 1614 quod
1240 1566 1363 1604 tenuit
1384 1577 1493 1604 mens
1519 1564 1566 1616 (5
1590 1565 1680 1614 44),
1705 1568 1749 1604 ut
1773 1565 1899 1605 denuo

138 1635 339 1682 appareat.
385 1631 517 1681 Quare
549 1642 671 1679 neque
705 1632 783 1670 init
815 1632 965 1680 suffieit
998 1630 1074 1680 (sic
1101 1630 1247 1680 Ganal)
1273 1652 1332 1658 —
1355 1633 1436 1670 nisi
1468 1632 1568 1679 forte
1600 1631 1642 1670 in
1668 1629 1898 1683 mente<m>

138 1699 324 1748 eor-riqas,
359 1698 428 1737 ubi
462 1700 591 1736 tamen
616 1697 722 1736 redit
755 1699 942 1746 exspectes
971 1718 1022 1724 -
1051 1709 1173 1746 neque
1196 1693 1389 1748 (rursus)
1413 1698 1491 1736 init
1514 1698 1697 1746 quadrat,
1730 1698 1797 1737 sed
1833 1709 1894 1736 ea·-

141 1767 359 1815 speetamus
382 1763 528 1803 revivit
552 1763 612 1802 vel
637 1764 713 1803 tale
737 1763 834 1812 quid
858 1763 926 1812 (ef.
947 1762 1159 1815 cogitando
1184 1763 1312 1813 repeti
1337 1760 1365 1813 5
1384 1762 1472 1811 44).
1495 1784 1550 1789 -
1580 1763 1756 1802 Ceterum
1775 1763 1897 1802 Luer.

141 1831 226 1869 III
250 1831 364 1869 1040
391 1831 538 1878 confert
562 1829 819 1869 Reitzenstem
847 1825 1127 1879 ‘Strassburqer
1145 1826 1392 1878 Festschrift'
1411 1842 1454 1877 p.
1479 1829 1574 1868 159.

263 1903 330 1952 74,
354 1904 419 1940 11.
454 1900 514 1949 Of.
544 1901 693 1940 Vahlen
720 1900 860 1950 Opuse.
885 1901 1086 1950 12:351.
1105 1904 1140 1940 et
1162 1901 1219 1939 II
1239 1913 1276 1950 p.
1299 1902 1398 1940 416.

265 1968 333 2016 74,
356 1968 423 2007 13.
457 1966 518 2016 Of.
543 1966 802 2007 Reitzenstein
819 1979 862 2016 p.
885 1968 952 2007 36.

263 2035 331 2083 75,
352 2035 390 2072 4.
433 2033 558 2072 Verba
583 2045 688 2085 quae
712 2045 805 2083 pars
832 2032 977 2085 agendi
1003 2035 1063 2072 est
1089 2046 1113 2072 a
1137 2032 1304 2072 dicendo
1331 2045 1377 2072 ac
1403 2045 1432 2071 e.
1452 2046 1486 2082 q.
1506 2045 1536 2072 s.
1569 2033 1812 2082 offenderant
1837 2033 1901 2071 ho-

141 2101 265 2139 nn'nes
289 2100 429 2144 doctos,
454 2100 550 2147 quia
573 2099 711 2148 incipit
734 2097 907 2138 secunda.
931 2110 1025 2149 pars
1051 2098 1216 2151 agendi.-
1245 2099 1294 2147 ef.
1319 2096 1349 2149 ἕ
1373 2100 1433 2138 42
1457 2101 1490 2138 et
1518 2100 1575 2138 77
1601 2093 1787 2153 (tertium
1811 2110 1900 2151 gra.-

141 2165 238 2205 dum
256 2164 401 2218 agendi
421 2176 450 2204 e.
469 2177 503 2214 q.
523 2159 586 2218 s.).
626 2165 738 2204 Unde
756 2163 823 2213 Sp.
844 2164 1010 2204 Emend.
1022 2176 1066 2213 p.
1083 2167 1137 2203 11
1151 2175 1206 2213 sq.
1227 2164 1356 2204 alters.
1374 2165 1434 2204 vel
1453 2164 1625 2204 secunda
1643 2177 1736 2215 pars
1756 2164 1902 2216 agendi

143 2263 151 2271 .
174 2263 182 2271 .
205 2262 212 2270 .
234 2243 280 2271 ac
308 2243 410 2281 quae
437 2232 530 2269 sunt
549 2242 578 2269 e.
599 2242 633 2279 q.
654 2242 684 2269 s.
711 2224 834 2283 (quae
859 2241 954 2280 pars
980 2229 1125 2282 agendi
1150 2232 1212 2269 est
1235 2229 1422 2279 secunda,
1445 2231 1488 2269 in
1509 2242 1588 2280 qua
1614 2230 1902 2281 explicabimus

144 2309 248 2348 quse
267 2299 362 2337 sunt
382 2308 411 2335 e.
432 2308 467 2345 q.
485 2307 516 2335 s.
536 2291 667 2348 Mue).
698 2294 755 2334 At
778 2307 867 2335 eum
891 2295 941 2334 ab
965 2296 1050 2343 ipso
1075 2296 1258 2345 exemplo,
1281 2297 1326 2335 in
1350 2307 1425 2345 quo
1449 2296 1624 2345 faciendi
1647 2296 1807 2335 verbum
1832 2295 1903 2335 ad·

141 2364 320 2408 hibuerit,
343 2363 445 2402 hanc
462 2364 621 2412 partem
651 2361 887 2401 insonaverit
907 2361 1046 2407 Varro,
1069 2362 1223 2401 videtur
1240 2362 1373 2401 minus
1391 2362 1568 2401 distinete
1591 2362 1661 2401 hoc
1684 2362 1765 2401 loco
1784 2374 1904 2410 quam

144 2431 260 2469 ardea
285 2439 332 2468 ae
348 2430 486 2478 postea
510 2428 755 2477 siqniftcasse
772 2428 1037 2476 partitionem.
1068 2427 1178 2467 Nam
1195 2429 1288 2477 post
1312 2440 1431 2467 narro
1451 2439 1480 2467 e.
1501 2439 1534 2475 q.
1554 2439 1584 2466 s.
1611 2427 1782 2476 quadrat
1799 2440 1902 2478 quae

145 2507 238 2546 pars
264 2496 325 2534 est
350 2493 506 2546 agendi,
536 2505 616 2533 non
641 2494 814 2542 quadrat
837 2493 940 2543 quod
969 2493 1030 2532 illi
1053 2495 1310 2542 reposuerunt
1333 2487 1559 2547 (dicendum
1585 2495 1681 2533 esset
1703 2493 1807 2533 velut
1829 2493 1900 2532 ubi

146 2562 326 2600 venimus
352 2558 403 2598 ad
429 2559 597 2599 alteram
621 2560 775 2610 partem
803 2553 979 2612 agendi).

267 2632 335 2682 75,
355 2633 394 2672 8.
434 2631 548 2672 Nihil
581 2634 739 2681 eqemm
761 2631 967 2680 Spenqelii,
1004 2630 1144 2677 Canai,
1169 2630 1276 2671 Ellis
1301 2631 1324 2669 l.
1350 2642 1380 2670 s.
1406 2642 1437 2670 s.
1464 2643 1508 2680 p.
1534 2632 1623 2670 360
1634 2642 1690 2681 sq.
1740 2631 1902 2670 Videtur

144 2710 241 2739 sane
255 2698 420 2747 qravius
437 2697 551 2737 uleus
569 2698 709 2737 latere.-
731 2709 827 2736 nam
845 2697 948 2746 quod
964 2697 1138 2746 sequitur
1150 2696 1201 2736 ab
1220 2696 1294 2736 hoe
1313 2698 1495 2747 tempora
1514 2697 1622 2747 quod
1647 2699 1746 2736 tum
1766 2708 1794 2735 e.
1810 2710 1844 2745 q.
1857 2708 1902 2743 s.‚

144 2765 315 2804 conicias
333 2764 594 2813 praecessisse
617 2763 921 2808 adnotationem,
946 2763 1100 2811 qualem
1125 2774 1172 2802 ex
1198 2762 1375 2803 Cornelio
1399 2762 1584 2802 Labeone
1608 2762 1718 2811 apud
1742 2763 1902 2802 Maero-

146 2830 254 2870 bium
278 2829 528 2868 eoebibuinms.
959 2851 962 2854 <

270 2902 336 2951 75,
359 2902 426 2940 11.
457 2899 525 2940 Ad
550 2900 705 2940 soleant
729 2901 777 2949 cf.
803 2900 1056 2949 Krumbieqel
1072 2911 1116 2949 p.
1140 2900 1206 2940 54.

271 2967 338 3016 75,
361 2967 428 3006 13.
475 2966 645 3006 Pessime
678 2969 714 3006 et
735 2966 801 3016 Sp.
836 2969 871 3005 et
898 2965 1027 3006 canat
1054 2968 1216 3015 propter
1249 2966 1338 3005 VII
1359 2967 1417 3005 36
1441 2963 1547 3018 <de>
1581 2964 1777 3016 poematis
1812 2977 1901 3004 eum

149 3032 318 3072 scribam
343 3033 413 3072 hoe
436 3033 516 3072 loeo
541 3033 588 3071 de
621 3027 874 3084 poe<ma>tis
907 3031 1111 3079 inferendo
1135 3033 1416 3080 ooqitaveruaeet,
1440 3043 1529 3071 eum
1552 3030 1602 3069 L.
1628 3030 1799 3070 Mueller
1823 3030 1903 3069 illic

142 3098 277 3147 potius
301 3093 540 3150 p0e[ma]tis
564 3098 790 3137 correxerit.-
813 3098 927 3147 quasi
950 3098 1000 3136 in
1017 3092 1125 3136 'libro
1152 3094 1214 3136 ‘de
1231 3093 1408 3146 poetieis’
1435 3096 1489 3135 ad
1511 3096 1615 3136 hune
1638 3096 1784 3136 librum
1808 3097 1903 3135 scr-i-
