2176 3386
847 155 1228 195 ADNo‘rA'moNEs
1830 154 1917 198 247
2003 184 2006 188 ,

162 275 283 318 oscor.
303 274 451 316 Parad.
471 276 535 314 ete.
549 285 593 323 Ρ.
616 274 713 319 160,
729 274 755 312 9
773 271 998 320 adnotavit,·
1015 272 1065 320 es.
1084 270 1224 320 Stangl
1243 266 1367 310 ‘BerL
1381 269 1479 319 phil.
1496 265 1778 309 Wocloenscler!
1806 269 1921 308 1908

116 326 117 329 ¹
155 353 198 392 Ρ.
226 340 354 382 1669.

282 414 321 464 7,
342 413 366 452 2
382 423 438 461 sq.
477 410 583 462 quod
595 421 673 460 pro
693 422 774 461 qun.
800 409 914 450 Vertr
930 408 1125 458 probante
1144 408 1267 454 Mue‚·
1290 419 1366 446 an:
1389 406 1535 457 siqua?
1562 427 1616 433 —
1645 418 1746 457 quas
1766 405 1919 445 radices

282 550 321 599 7,
340 550 378 589 5.
416 548 552 597 Neque
577 548 782 600 agrarium
805 546 999 597 Spenyelii
1031 557 1154 595 neque
1186 546 1384 597 agrestem
1409 543 1621 583 Stuenkele'i
1655 539 1747 596 (quo
1772 545 1919 593 recepto

161 611 249 655 ’ἀεὶ
268 615 346 655 vid.
372 614 423 655 ud
449 610 683 667 agricolam'
697 612 749 653 A.
761 606 848 667 Sp.)
873 622 996 662 neque
1019 609 1208 664 ἀγροῖκον
1232 610 1375 650 habent
1397 611 1479 650 veri
1503 609 1810 655 similitudinem,
1835 610 1919 659 qui-

160 681 233 721 bus
263 680 578 731 emptammibus
607 677 815 732 ἀγρώστην
846 677 1002 718 addidit
1029 677 1207 722 Skutsch,
1238 675 1307 715 sed
1335 679 1380 715 ut
1408 675 1527 715 simul
1558 676 1606 714 de
1636 676 1683 714 ἀι
1684 675 1801 714 lenda
1831 686 1920 714 voce

159 747 303 798 coquet.
351 745 528 787 Oeterwm
548 745 764 798 Agraeium
788 728 879 784 ante
901 755 974 783 nos
994 743 1096 782 Boot
1118 743 1143 782 l.
1163 754 1194 782 s.
1214 753 1244 782 s.
1266 736 1502 795 (agro<rum
1528 738 1761 791 domi>num
1786 735 1919 793 idem).

162 812 223 862 Of.
247 812 407 853 Schulaee
431 807 534 851 ‘Zur
555 810 688 851 Gesch.
713 810 751 850 d
776 810 802 849 l.
822 805 1007 859 Eiqenn?
1025 821 1068 858 Ρ.
1098 809 1195 848 115.
1222 809 1321 847 343.

282 879 320 928 7,
340 878 378 917 9.
409 878 544 928 potest
566 873 694 929 (aut)
719 878 766 915 ut
792 875 859 915 Wi
883 878 918 915 et
941 874 1009 914 sk.

282 945 319 993 7,
341 945 407 983 14.
438 955 564 994 usque
588 941 696 981 idem
720 941 860 981 vendit
882 940 968 990 Sp„
995 953 1123 991 usque
1149 939 1288 979 vendit
1306 939 1449 979 Reiter.

282 1011 320 1058 7,
342 1010 409 1050 20.
441 1010 484 1047 in
510 1003 609 1061 quo]
635 1009 685 1057 cf.
703 1007 893 1046 Heidrieh
910 1019 954 1056 Ρ.
982 1007 1051 1046 39.

282 1076 321 1124 7,
342 1076 408 1114 21.
441 1074 587 1125 prioris
611 1075 711 1113 reete
735 1074 887 1113 tutatur
901 1072 1160 1112 Reitzenstein
1178 1083 1222 1121 Ρ.
1240 1072 1309 1110 33.
1336 1092 1392 1098 --
1422 1069 1600 1110 Ceterum
1624 1081 1674 1109 ne
1691 1072 1783 1119 post
1807 1069 1921 1109 Ionia

158 1141 484 1191 distinyueremus
508 1152 597 1179 cum
620 1138 685 1178 sk.
711 1139 802 1178 inde
820 1139 1010 1188 prohibiti
1034 1149 1185 1183 swmus,
1210 1137 1313 1186 quod
1337 1138 1394 1176 sie
1419 1132 1575 1186 ‘triplex
1593 1133 1710 1176 Asia'
1732 1136 1920 1181 evaderet,

157 1218 258 1256 quae
283 1208 412 1246 tamen
435 1205 549 1245 modo
575 1202 717 1244 modis
746 1200 913 1244 duobus'
939 1204 1093 1243 dieitur.
1132 1203 1380 1293 Quamquam
1409 1203 1454 1242 in
1476 1203 1538 1241 his
1561 1213 1641 1241 non
1665 1203 1798 1241 omnia
1822 1203 1921 1240 satis

159 1272 372 1322 eapzanata
398 1283 479 1312 esse
502 1273 685 1321 fatemur.

283 1346 320 1393 7,
341 1344 408 1382 22.
441 1355 641 1383 summum
666 1339 765 1395 <id>
790 1341 859 1380 ubi
883 1341 1143 1381 Reitzenstein
1160 1353 1203 1390 Ρ.
1225 1342 1295 1387 33,
1318 1342 1417 1380 reete
1441 1352 1534 1391 pars
1561 1339 1646 1379 eius
1671 1339 1888 1378 vindicans.

280 1411 319 1459 7,
340 1410 408 1448 26.
449 1409 727 1457 Difficvdtates,
760 1419 860 1457 quas
893 1407 1012 1447 verba
1046 1407 1239 1446 Varronis
1265 1418 1318 1448 ex.
1334 1406 1602 1446 Laurentiani
1634 1406 1833 1454 scriptura
1858 1417 1920 1444 ea:-

157 1475 298 1521 hibent,
322 1474 502 1515 Sekodlii
525 1474 744 1514 coniectura
768 1485 888 1523 quam
918 1474 964 1512 in
987 1475 1187 1522 maratu
1215 1474 1424 1521 posuimus
1447 1472 1564 1522 facile
1587 1472 1776 1510 removeri
1804 1482 1921 1519 posse

156 1542 266 1582 visae
298 1543 412 1588 sunt,·
444 1553 570 1579 unum
594 1542 719 1579 ortum
746 1551 792 1578 ex
816 1539 837 1577 I
869 1533 961 1592 (per
983 1538 1004 1577 I
1029 1551 1155 1577 unum
1180 1540 1324 1578 notant
1349 1532 1514 1591 Prise.)·:
1547 1540 1661 1586 atque
1693 1548 1774 1575 non
1806 1536 1920 1576 modo

160 1605 312 1647 Gellius
342 1606 570 1655 Noniusque
606 1605 726 1645 libros
756 1605 931 1643 I—XX
966 1603 1064 1654 (non
1097 1604 1225 1654 XXI)
1257 1603 1599 1654 comprehendunt,
1632 1615 1767 1642 verum
1805 1604 1919 1642 etiam

151 1684 227 1722 per
261 1684 303 1712 se
333 1672 636 1716 commendatur,
667 1671 771 1720 quod
807 1672 864 1710 sie
900 1674 935 1710 et
964 1670 1127 1710 decades
1163 1672 1359 1720 apparent
1389 1672 1424 1708 et
1438 1669 1632 1718 pentades
1661 1671 1706 1707 ut
1734 1670 1778 1708 in
1809 1667 1921 1707 libris

159 1737 519 1784 XXVI—XXX,
552 1738 609 1777 sie
641 1738 685 1775 im
715 1737 827 1776 libris
853 1736 969 1775 XXI
990 1735 1088 1784 (non
1115 1735 1470 1786 XXII)—XXV.
1516 1734 1695 1774 Ceterum
1719 1736 1768 1784 ef.
1795 1735 1921 1774 Marx

150 1816 194 1853 p.
218 1804 339 1849 LIV,
366 1803 571 1844 Oichorius
595 1796 992 1854 (vatam-humen
1015 1814 1066 1842 zu
1090 1798 1310 1851 Lucilius’)
1334 1814 1373 1850 Ρ.
1402 1803 1468 1840 93.

280 1877 318 1925 7,
340 1876 407 1914 28.
448 1875 560 1925 Quod
586 1875 846 1914 Reitzenstein
862 1886 907 1923 Ρ.
934 1875 993 1913 38
1016 1885 1098 1913 non
1127 1873 1241 1913 modo
1266 1874 1345 1912 duo
1371 1875 1498 1923 emma
1522 1872 1635 1912 Aelio
1668 1873 1821 1918 tribuit,
1851 1872 1920 1911 sed

157 1942 276 1981 totwm
295 1941 423 1981 locum
441 1953 525 1980 una
543 1952 632 1980 eum
651 1941 798 1990 etymis,
821 1940 865 1979 id
889 1941 988 1979 certe
1011 1940 1160 1988 falsum
1179 1942 1252 1979 est:
1276 1951 1372 1978 nam
1390 1941 1477 1978 utut
1498 1940 1537 1982 8,
1556 1939 1587 1978 2
1597 1949 1677 1988 sqq.
1695 1938 1920 1984 scribemus,
1949 1945 1955 1949 ·

155 2010 364 2056 utrumque
388 2010 539 2056 etymon
563 2007 614 2046 ab
638 2007 724 2055 ipso
750 2006 928 2045 Varrone
950 2007 1205 2045 retractatur:
1227 2007 1348 2054 prius
1371 2005 1542 2050 reicitur,
1574 2005 1741 2043 alterum
1767 2005 1920 2043 diverso

155 2073 270 2112 modo
294 2072 522 2122 empticatur.
563 2071 757 2111 Secuntur
779 2071 899 2111 verba
923 2072 1085 2110 omnino
1111 2083 1184 2122 ego
1210 2072 1340 2122 magis
1365 2072 1484 2122 puto,
1510 2082 1557 2110 ex
1580 2071 1722 2118 quibus
1756 2072 1921 2119 apparet

157 2139 274 2178 etiam
297 2139 496 2187 sequentia
520 2139 645 2187 ipsius
665 2137 858 2177 Varronis
876 2148 968 2176 esse.
1008 2137 1059 2176 Ut
1075 2137 1145 2176 hoe
1163 2136 1245 2176 loeo
1264 2138 1321 2176 ita
1338 2136 1529 2185 pburimis
1547 2135 1640 2175 aliis
1660 2135 1919 2175 Reitzenstein

158 2202 317 2243 Aelium
345 2204 517 2244 Varroni
541 2203 741 2243 substituit
763 2204 850 2242 sine
873 2205 976 2242 certa
1001 2203 1164 2241 ratione.

280 2276 320 2325 8,
342 2278 378 2315 1.
419 2275 546 2315 Verba
571 2275 773 2314 contrario
798 2273 958 2314 nomine
983 2273 1102 2313 deleri
1126 2274 1231 2313 iubet
1253 2272 1321 2312 Sk.

278 2341 318 2390 8,
338 2342 364 2380 4
383 2352 463 2390 sqq.
512 2339 573 2389 Of.
602 2340 663 2380 W.
691 2340 842 2379 Wundt
865 2335 1209 2392 ‘Vb'lkerpsyehoL’
1235 2339 1267 2378 I
1286 2340 1316 2379 2
1334 2351 1377 2389 Ρ.
1404 2339 1492 2378 459
1518 2341 1552 2377 et
1583 2341 1718 2377 eontra
1741 2337 1919 2377 Solmsen

159 2403 284 2446 ‘Stud.
310 2418 342 2446 z.
368 2406 392 2445 l.
413 2402 660 2455 Lautqaech?
681 2417 725 2455 Ρ.
748 2406 834 2444 184
860 2407 896 2444 et
922 2405 1063 2445 Walde
1087 2417 1118 2444 s.
1145 2405 1314 2444 caelum.

278 2473 318 2521 8,
340 2474 406 2512 10.
447 2472 575 2511 eavile
595 2471 819 2510 Florentini
844 2472 967 2510 tutari
990 2471 1146 2511 videtur
1164 2470 1378 2510 Buecheler
1396 2466 1508 2510 ‘Lem
1528 2466 1597 2510 It?
1610 2482 1653 2520 Ρ.
1675 2470 1786 2509 XII:
1816 2471 1919 2519 quod

158 2539 287 2577 tamen
304 2539 468 2586 propter
491 2536 601 2576 Festi
624 2537 853 2576 memoriam
870 2537 1113 2585 parallelum
1136 2539 1234 2576 reete
1257 2537 1348 2585 fieri
1370 2548 1570 2586 neyamus.

279 2609 318 2660 8,
342 2610 408 2647 11.
440 2621 465 2647 a
489 2609 698 2647 cavatione
723 2609 770 2647 ut
794 2609 951 2647 cavium
977 2608 1060 2648 coll.
1079 2607 1208 2658 pilum
1234 2638 1242 2647 .
1265 2638 1273 2647 .
1295 2639 1303 2647 .
1329 2610 1378 2648 ut
1401 2608 1574 2659 perilum
1592 2606 1621 2659 ἕ
1642 2610 1726 2647 116
1743 2607 1831 2647 Sk.:
1855 2609 1917 2646 cui

159 2674 389 2719 cederemus,
412 2675 449 2713 si
473 2685 520 2714 ea
544 2685 644 2723 quae
660 2674 906 2723 praecedunt
927 2685 1016 2723 spes
1042 2676 1138 2714 esset
1161 2686 1249 2714 ewm
1274 2674 1335 2713 his
1359 2675 1575 2714 consociari
1592 2685 1718 2724 posse.

280 2740 319 2788 9,
340 2740 378 2778 2.
421 2738 508 2779 vias
533 2738 696 2789 quidem
721 2768 730 2777 .
757 2769 766 2777 .
794 2769 803 2778 .
828 2739 983 2791 agendo
1007 2740 1154 2778 teritur
1178 2751 1224 2779 ex
1247 2737 1276 2790 9
1302 2739 1359 2779 35
1384 2739 1487 2778 male
1517 2740 1711 2779 translata
1743 2740 1918 2779 censebat
2003 2741 2009 2749 ’

159 2805 210 2844 L.
232 2803 316 2845 Ooee'
337 2804 403 2853 (de
429 2804 545 2844 Varr.
571 2804 720 2855 etymol.
735 2815 781 2853 Ρ.
799 2804 900 2854 22);
930 2805 980 2853 ef.
1003 2804 1227 2845 Wilmanns
1245 2817 1290 2854 Ρ.
1312 2807 1382 2844 17:
1406 2807 1449 2844 at
1471 2803 1499 2855 5
1525 2805 1582 2845 35
1606 2816 1686 2844 non
1714 2806 1846 2854 aqitur
1870 2805 1917 2843 de

161 2866 346 2910 terendo’
366 2881 487 2919 neque
504 2872 673 2919 poss-mit
688 2869 782 2909 haee
798 2870 918 2910 verba
937 2870 986 2910 ab
1006 2870 1061 2910 eis
1085 2882 1185 2920 quae
1202 2872 1387 2910 secuntur
1412 2864 1553 2923 (etiam
1579 2870 1755 2910 ambitus
1774 2882 1804 2909 e.
1818 2882 1853 2919 q.
1865 2865 1916 2924 s.)

159 2937 350 2985 separari.
391 2936 581 2975 Videntur
606 2935 742 2984 potius
773 2936 968 2975 nonnulla
991 2936 1111 2975 ierba
1142 2936 1386 2976 intercidisse
1409 2936 1550 2983 quibus
1583 2936 1918 2985 coniunqebantur

159 3001 253 3041 haec
287 3013 375 3040 eum
407 3001 685 3050 asperioribus,
709 3011 740 3039 e.
761 3012 800 3049 y.
823 3001 961 3051 itaque
996 3000 1070 3040 hoc
1096 3013 1186 3040 eum
1211 3002 1245 3040 is
1270 2999 1504 3054 <vocabulis
1529 3001 1705 3041 sociatur
1730 3014 1832 3051 quae
1859 3001 1916 3039 di-

160 3068 304 3106 cuntur
328 3067 488 3118 proprie
513 3066 561 3105 de
587 3077 775 3117 agrorum
799 3062 1034 3116 mensuris).
1068 3066 1176 3115 Quae
1194 3078 1283 3106 vero
1301 3069 1485 3106 secuntur
1502 3078 1545 3106 re
1570 3078 1663 3106 vera
1688 3067 1915 3116 interposita
