2144 3340
795 117 1165 156 PROLEGOMENA
1767 118 1881 154 XLIX

119 230 233 275 stein
276 246 318 288 p.
350 229 408 274 56
453 232 696 284 censuerat,
742 231 927 284 tutatur,
970 228 1044 272 sed
1088 228 1212 272 valde
1255 228 1525 283 immutatas,
1569 227 1885 271 Roehrscheidt

121 317 164 361 p.
193 302 388 359 812'sqq.
421 300 483 359 (p.
511 300 610 357 163,
630 301 657 345 5
687 304 908 355 utrumque
946 300 1100 344 scribit
1139 314 1218 357 pro
1254 304 1464 357 utrosque3
1504 315 1543 343 v.
1570 299 1596 342 8
1627 301 1701 343 sed
1739 300 1888 354 ne<mo

117 373 338 430 pollicemur
362 373 606 429 analoyiam
635 372 754 428 fore>
782 373 827 415 in
855 372 935 428 his,
966 374 1067 429 post
1091 386 1246 425 casum,
1277 374 1328 415 ut
1358 385 1450 427 nos,
1475 372 1650 429 gravius
1676 371 1887 425 distinxit,

121 460 160 489 v.
182 444 235 490 11
257 458 342 490 non
368 458 447 501 pro
467 458 571 488 nam
597 444 777 501 corrigit
803 443 932 487 simul
957 444 1010 487 de
1034 444 1144 500 quod
1168 444 1366 500 sequenti
1391 443 1610 488 dubitans:
1637 444 1689 486 cf.
1708 459 1746 500 p.
1769 441 1880 500 LII).

119 515 300 561 Constat
325 515 461 574 igitur
480 516 532 559 de
559 515 710 560 ordine
730 519 774 559 et
794 530 959 559 conexu
981 530 1130 559 eorum
1151 530 1260 571 quae
1280 515 1325 558 in
1344 515 1414 559 his
1432 514 1713 573 paragraphis
1733 514 1881 571 legun-

117 591 190 632 tur
222 589 395 645 saepius
427 587 655 632 dubitandi
688 602 861 631 causam
895 590 1071 631 exstare.
1135 586 1231 644 Sed,
1263 588 1378 644 quod
1411 587 1584 646 gravius
1616 589 1693 642 est,
1724 587 1883 630 mirum

117 673 222 716 esse,
247 675 377 716 quam
403 674 492 703 non
518 659 809 716 respondeant
839 661 980 703 multa
1010 663 1053 703 et
1078 674 1209 715 quam
1234 659 1345 702 male
1370 659 1456 702 alia
1480 659 1569 703 illis
1595 673 1704 715 quae
1730 661 1884 701 octavo

117 730 230 775 libro
261 731 433 787 prolata
463 733 567 774 sunt
598 734 643 774 et
674 731 748 774 alii
781 734 824 774 et
854 730 1147 775 Reitzenstein
1181 731 1368 774 dilucide
1399 734 1710 788 exposuerunt:
1752 744 1881 786 quam

117 817 220 858 rem,
252 804 289 846 si
321 802 495 859 quidem
527 805 642 846 recte
674 803 896 859 disputata
928 806 1029 846 sunt
1062 818 1170 860 quae
1202 818 1334 860 supra
1359 801 1642 860 (p.XLV111)
1674 802 1885 856 dedimus,

117 874 300 918 fortasse
341 875 403 917 ita
445 889 532 917 non
574 874 919 931 improbabiliter
960 875 1284 931 explicabimus,
1325 878 1375 918 ut
1404 874 1643 918 Varronem
1674 889 1727 917 ex
1758 874 1881 916 libris

117 946 170 989 de
212 946 496 990 similitudine
534 946 763 990 verborum
805 947 978 1003 scriptis
1018 947 1157 990 multa
1197 947 1242 989 in
1282 947 1398 990 hunc
1436 947 1597 990 librum
1639 947 1882 989 traduxisse

115 1017 320 1074 dicamus,
361 1018 491 1062 modo
534 1019 673 1076 magis
714 1019 914 1062 minusve
952 1019 1082 1063 modo
1116 1019 1291 1063 omnino
1323 1033 1410 1062 non
1442 1018 1765 1062 accommodata
1797 1018 1882 1060 dis-

113 1089 296 1146 putandi
329 1090 490 1133 rationi
522 1105 650 1146 quam
691 1091 738 1134 in
770 1094 923 1134 octavo
955 1091 1067 1134 libro
1101 1094 1274 1134 secutus
1306 1094 1413 1134 erat:
1455 1091 1612 1147 quibus
1645 1090 1759 1146 quod
1797 1089 1885 1131 alia

115 1162 339 1218 apposuit,
376 1161 461 1205 alia
498 1162 679 1218 ademit,
716 1163 932 1206 scribendi
970 1163 1115 1206 ardori
1147 1163 1294 1219 cessit,
1327 1163 1448 1206 cuius
1479 1162 1667 1218 plurima
1697 1161 1885 1219 vestigia

116 1233 164 1275 in
195 1233 263 1276 his
295 1233 419 1276 libris
452 1233 602 1276 relicta
634 1237 746 1277 sunt.
804 1233 922 1285 Quos
954 1235 1098 1278 fontes
1129 1234 1254 1277 libris
1285 1235 1374 1278 illis
1406 1237 1449 1277 et
1479 1237 1649 1291 praeter
1679 1234 1779 1276 illos
1811 1232 1883 1275 ad-

117 1303 325 1360 hibuerit,
355 1319 471 1348 nunc
504 1305 678 1361 quidem
710 1307 783 1349 vix
816 1307 1047 1362 quisquam
1081 1306 1296 1363 expediet:
1336 1320 1436 1348 nam
1470 1320 1567 1349 cum
1608 1306 1700 1361 ipse
1739 1305 1884 1347 tradat

117 1374 226 1418 VIII
252 1376 310 1419 23
345 1376 396 1419 de
428 1376 499 1420 his
531 1377 858 1434 quaestionibus
892 1376 1109 1421 Graecos
1141 1377 1460 1433 Latinosque
1497 1378 1684 1420 fecisse
1714 1377 1882 1420 libros

113 1446 370 1504 multos¹),
401 1447 447 1490 hi
475 1450 620 1491 autem
651 1448 755 1491 libri
785 1449 1084 1492 interciderint
1109 1449 1163 1491 ad
1189 1464 1323 1492 unum
1350 1464 1511 1506 omnes,
1541 1449 1728 1492 fontium
1753 1449 1886 1492 ratio-

114 1533 213 1562 nem
246 1518 495 1575 explorasse
523 1520 629 1564 satis
662 1520 753 1563 erit.
804 1520 870 1563 De
903 1521 1086 1578 singulis
1117 1536 1344 1564 monemus
1370 1521 1629 1565 conferenda
1654 1536 1745 1565 esse
1772 1535 1883 1577 quae

115 1589 303 1648 Spengel
335 1590 488 1647 praef.²
518 1607 558 1648 p.
586 1591 688 1635 LVI
702 1607 793 1649 sqq.
827 1595 871 1636 et
901 1592 1195 1636 Reitzenstein
1226 1593 1254 1636 1.
1281 1608 1311 1636 s.
1339 1608 1371 1636 s.
1403 1594 1455 1636 de
1485 1593 1554 1636 his
1594 1594 1717 1636 libris
1749 1607 1880 1649 expo-

115 1665 307 1719 suerunt,
339 1678 448 1719 quae
480 1663 681 1720 pluribus
712 1665 758 1707 in
789 1664 871 1708 hac
901 1665 1171 1721 praefatione
1202 1666 1401 1722 persequi
1433 1665 1666 1708 noluimus.

233 1746 391 1790 Libro
424 1747 621 1790 decimo
655 1747 820 1790 duabus
853 1748 1024 1805 magnis
1055 1748 1222 1793 lacunis
1248 1749 1490 1792 deformato
1523 1752 1566 1792 et
1595 1749 1641 1791 in
1672 1750 1758 1792 fine
1790 1764 1882 1791 mu·

114 1818 194 1861 tilo
214 1817 367 1874 Varro,
401 1820 513 1862 ‘cum
546 1834 626 1862 nec
656 1820 948 1876 fundamenta,
979 1824 1030 1864 ut
1061 1820 1221 1877 debuit,
1252 1821 1396 1877 posita
1427 1825 1571 1864 essent
1602 1836 1741 1877 neque
1774 1821 1883 1864 ordo

115 1904 166 1933 ac
190 1893 355 1946 natura,
381 1894 431 1934 ut
455 1906 522 1934 res
549 1891 753 1947 postulet,
784 1891 1003 1948 explicita'
1030 1891 1111 1950 (1),
1136 1893 1229 1948 ipse
1262 1894 1353 1936 eius
1378 1894 1441 1936 rei
1471 1894 1655 1936 formam
1689 1893 1883 1950 exponit.

117 1960 296 2012 Quaerit
327 1963 462 2020 igitur
494 1962 631 2019 ‘quid
666 1963 736 2006 sit
766 1964 956 2020 simile,
989 1964 1112 2020 quid
1142 1965 1278 2008 ratio
1305 1979 1433 2021 quam
1459 1967 1682 2022 appellant
1708 1967 1881 2020 λόγον,

116 2033 240 2088 quid
281 2033 444 2090 (errore
485 2035 740 2090 typothetae
780 2037 854 2089 qui
893 2051 972 2092 pro
1011 2036 1116 2090 quid
1150 2051 1190 2092 p.
1226 2037 1324 2092 174,
1346 2037 1402 2079 10
1433 2036 1592 2094 exstat)
1633 2052 1723 2093 pro
1766 2051 1882 2093 por-

115 2104 258 2148 tione
290 2105 404 2161 quod
437 2105 587 2149 dicunt
617 2106 714 2149 ἀνὰ
746 2108 921 2163 λόγον,
959 2108 1082 2164 quid
1121 2109 1459 2151 consuetudo:
1499 2123 1607 2164 quae
1640 2108 1881 2164 explicatae

116 2176 396 2220 declarabunt
433 2177 727 2235 analogiam
760 2181 810 2220 et
849 2178 1156 2222 anomaliam
1189 2179 1320 2222 unde
1352 2180 1422 2222 sit
1452 2179 1573 2236 quid
1606 2180 1674 2223 sit
1711 2180 1882 2223 cuius—

114 2248 250 2291 modi
283 2248 391 2291 sit'.
454 2248 521 2292 De
553 2249 905 2292 similitudine
937 2253 982 2292 et
1014 2250 1451 2294 dissimilitudine
1489 2255 1590 2294 sunt
1620 2252 1883 2308 paragraphi

116 2319 282 2376 3—343
313 2335 338 2363 a
363 2321 634 2377 paragrapho
663 2320 718 2364 18
744 2335 862 2378 pars
889 2322 1113 2364 casualis
1141 2322 1296 2379 incipit
1320 2323 1491 2366 defectu
1514 2323 1647 2366 trium
1672 2323 1879 2366 foliorum

117 2392 390 2449 paragrapho
418 2392 476 2435 23
500 2393 706 2435 lacunosa
733 2391 863 2451 (quae
889 2393 1122 2449 perierunt,
1153 2394 1330 2438 fuerunt
1355 2394 1406 2437 de
1433 2395 1639 2439 casibus
1670 2410 1880 2438 numero

117 2461 340 2520 genere);
372 2478 397 2506 a
427 2464 700 2521 paragrapho
728 2465 783 2507 31
817 2480 936 2521 pars
968 2465 1291 2523 temporalis;
1323 2482 1349 2509 a
1372 2467 1643 2523 paragrapho
1671 2467 1728 2510 34
1760 2482 1881 2523 pars

118 2549 245 2590 quae
285 2549 432 2578 casus
473 2539 523 2578 et
561 2538 797 2592 tempora
837 2535 1009 2591 habet,
1039 2536 1081 2579 h.
1107 2552 1142 2579 e.
1175 2552 1311 2594 genus
1344 2538 1607 2594 participale,
1640 2553 1748 2594 quae
1780 2553 1880 2594 pars

117 2607 160 2648 et
196 2606 290 2661 ipsa
326 2606 458 2650 trium
494 2606 698 2651 foliorum
741 2607 909 2651 defectu
947 2607 1153 2651 lacunosa
1190 2611 1255 2652 est
1293 2608 1413 2666 (post
1451 2625 1500 2652 ea
1543 2625 1670 2665 quae
1714 2625 1881 2666 neque

116 2679 350 2733 tempora
380 2693 542 2734 neque
574 2693 721 2722 casus
753 2679 961 2735 habent,
992 2681 1018 2722 i.
1047 2696 1081 2724 e.
1109 2680 1324 2736 adverbia,
1355 2681 1619 2738 pergebatur
1643 2682 1696 2723 ad
1722 2682 1882 2724 ratio-

239 2856 274 2901 1)
304 2854 347 2890 In
383 2855 443 2891 his
477 2854 648 2892 Caesaris
685 2856 804 2892 libros
843 2857 890 2893 de
922 2857 1100 2904 analogia
1136 2857 1253 2894 fuisse
1285 2869 1492 2902 monemus,
1523 2858 1660 2903 quibus
1691 2858 1881 2903 quomodo

119 2912 236 2950 Varro
271 2926 360 2950 usus
395 2915 447 2951 sit
480 2917 548 2951 aut
578 2926 652 2952 non
677 2927 767 2952 usus
793 2927 839 2952 ex
873 2916 1106 2952 tenuissimis
1130 2917 1304 2964 vestigiis
1330 2928 1427 2964 quae
1452 2917 1599 2954 notavit
1623 2917 1881 2954 Reitzenstein

118 2983 155 3018 p.
181 2977 224 3008 61
241 2985 322 3020 sqq.
349 2974 411 3010 vix
436 2974 586 3011 dixeris.
637 2975 847 3021 Vtrumque
873 2976 1006 3012 eodem
1037 2976 1136 3013 libro
1168 2979 1300 3013 contra
1331 2976 1561 3013 anomaliam
1591 2989 1701 3012 usum
1727 2988 1808 3013 esse
1834 2988 1879 3013 ex

117 3030 201 3068 loco
226 3033 274 3068 ad
303 3037 382 3078 134,
403 3038 424 3069 9
451 3034 569 3070 allato
596 3035 789 3071 concludit
814 3035 1087 3072 Roehrscheidt
1111 3036 1136 3072 1.
1157 3049 1185 3073 s.
1207 3049 1234 3072 s.
1261 3049 1296 3082 p.
1318 3040 1397 3072 807.

189 3098 288 3126 vum
307 3099 345 3126 «ιο
362 3100 440 3134 ung.
458 3102 512 3127 ιιι.
1566 3097 1590 3131 d
