2176 3386
317 126 405 168 274
994 125 1373 183 ADNOTATIONES

317 240 466 277 tutatur
491 251 513 277 0
545 237 665 276 Publi
698 237 854 287 Scipio;
885 239 933 286 cf.
968 239 1083 276 etiam
1107 238 1268 277 Norden
1286 238 1393 276 Mus.
1414 238 1537 277 Rhen.
1558 239 1765 278 XLVIII
1775 250 1817 287 p.
1842 239 1928 278 535
1946 239 2064 288 adn}-

321 303 521 343 O'ichorius
546 304 682 342 Herm.
709 303 822 341 XLI
841 302 996 352 (1906)
1014 315 1057 352 p.
1088 304 1152 341 60.
1177 304 1241 342 63.
1963 351 1965 353 .

438 370 534 417 102,
558 370 624 407 10.
658 368 852 418 ambegna
868 370 1006 415 prisca
1030 368 1334 416 forma‘videtur
1351 369 1475 417 fuisse
1501 368 1567 417 (cf.
1587 369 1740 415 testim.)
1750 383 1764 416 ,·
1788 363 1997 421 ambiegha
2017 381 2063 409 ecc

316 433 484 485 abiegna
508 445 595 472 voce
619 435 819 471 usitatiore
842 434 1099 472 immutatum.

438 500 534 548 103,
557 500 594 537 8.
626 510 698 536 nec
722 499 852 536 sciunt
877 498 982 537 Ellis
1007 500 1030 536 l.
1055 510 1086 537 s.
1111 510 1142 536 s.
1160 510 1203 546 p.
1230 499 1328 537 360.

436 565 533 612 104,
555 565 591 603 3.
624 563 670 602 de
697 564 825 613 poetis
852 565 967 602 etiam
991 564 1059 602 hoc
1084 564 1163 602 loco
1187 565 1338 602 restitui
1361 564 1465 603 iubet
1482 564 1530 602 L.
1544 564 1714 603 Mueller
1734 561 1791 614 Ὦ.
1806 562 1929 603 Eun?
1943 577 1986 614 p.
2001 566 2061 605 27

316 630 406 668 adn.
436 632 483 667 1:
507 632 549 667 at
573 630 621 678 ef.
649 629 702 667 ad
723 628 791 673 75,
819 630 875 667 13
901 628 955 676 (et
978 629 1168 668 Funaioli
1185 642 1227 677 p.
1253 628 1372 678 213).

439 695 534 745 104,
557 696 594 733 6.
634 695 677 732 in
702 693 785 732 IIII
819 694 872 732 ad
897 694 1142 732 Phaedonem
1176 697 1359 742 quartwm
1384 695 1582 743 dialoyum
1606 697 1810 743 quominus
1842 696 2061 743 referamus

315 771 561 808 nequaquam
591 760 751 807 impedit
777 759 973 808 Thrasylli
998 761 1106 797 aetas
1132 758 1197 808 (cf.
1223 759 1289 807 Sp.
1307 760 1438 808 praef.
1455 772 1499 808 p.
1519 759 1749 809 LXXIX),
1779 761 1846 798 sed
1875 759 2059 809 intelleyi·

314 836 401 863 nnis
426 825 684 874 antiquiorem
709 824 883 863 ordinem
907 824 1020 862 illum
1045 827 1216 863 secutum
1241 836 1340 863 esse:
1372 836 1493 874 neque
1519 827 1620 863 enim
1644 837 1739 864 casu
1762 836 1866 864 mero
1890 826 1983 864 haec
2005 826 2062 864 sic

313 892 516 929 convenire
539 890 731 928 videntur.
783 888 843 937 Cf.
871 889 1002 928 Christ
1024 888 1141 927 Arch.
1168 890 1226 927 II
1237 902 1280 938 p.
1311 892 1406 929 620.

436 962 532 1010 104,
556 963 591 999 7.
622 960 685 999 De
711 960 863 999 dicendi
887 961 1038 999 ratione
1063 962 1110 1009 cf'.
1135 961 1298 999 Norden
1321 961 1431 999 Mus.
1450 962 1572 1000 Rhen.
1593 960 1799 1001 XLVIII
1811 974 1856 1010 p.
1880 961 1975 1000 549.

434 1027 531 1075 104,
553 1027 607 1064 10
620 1037 675 1074 sq.
710 1024 770 1074 Of.
789 1026 1042 1074 Krwmbieqel
1058 1037 1101 1073 p.
1121 1027 1190 1064 20.
1371 1040 1373 1042 ·

435 1092 532 1140 104,
554 1092 606 1129 16
622 1102 676 1139 sq.
723 1090 782 1138 Of.
807 1089 990 1129 Schwabe
1013 1091 1111 1129 Nov.
1145 1103 1238 1130 ann.
1270 1103 1306 1130 a.
1335 1092 1451 1130 1872
1474 1104 1517 1140 p.
1546 1091 1644 1136 415,
1685 1091 1767 1130 Otto
1803 1103 1834 1130 s.
1861 1088 2057 1131 ‘locusta’.

317 1156 494 1196 Ceterum
520 1159 554 1194 et
578 1157 624 1194 de
647 1157 866 1195 hexametro
890 1157 1110 1205 imperfecto
1134 1158 1288 1195 sommia
1311 1159 1404 1195 sunt
1428 1159 1462 1195 et
1488 1156 1598 1195 Luca
1630 1156 1742 1196 bovis
1776 1157 1966 1196 lucustam
1982 1169 2059 1205 pa—

311 1223 417 1261 riens
443 1223 551 1270 apud
575 1220 625 1259 A.
639 1221 704 1270 Sp.
731 1221 829 1260 delet
852 1232 1014 1260 acumen
1037 1223 1255 1261 sententiae.

432 1294 528 1342 104,
551 1294 617 1331 22.
649 1292 738 1331 ideo
766 1288 882 1344 [non]
909 1293 1005 1331 item
1030 1294 1220 1332 Fwnaioli
1237 1306 1279 1342 p.
1309 1295 1403 1332 106.
1436 1293 1542 1332 idem
1567 1294 1628 1332 del
1652 1305 1731 1331 non
1757 1293 1869 1332 Diels
1896 1289 2058 1332 ‘Elemf

302 1371 347 1407 p.
370 1359 438 1404 85,
461 1361 504 1396 1:
530 1369 767 1407 quamquam
793 1358 1037 1397 desideratur
1062 1361 1151 1397 ante
1174 1360 1272 1397 item
1297 1358 1557 1408 quadripedes
1582 1358 1684 1407 quod
1707 1358 1819 1397 verbo
1844 1358 2058 1397 maximam

313 1419 634 1477 (quadripedem)
661 1423 900 1471 respondeat.

433 1495 529 1544 105,
551 1496 588 1533 2.
619 1495 719 1533 Luci
745 1492 808 1544 <si
835 1494 883 1532 ab
908 1494 1078 1534 Lucanis
1103 1490 1262 1545 Lucae>
1289 1494 1426 1534 Canal.
1462 1494 1521 1544 Cf.
1547 1495 1594 1533 de
1619 1496 1708 1534 bove
1732 1495 1822 1534 luca
1846 1495 2059 1534 Buecheler

311 1561 420 1599 Mus.
441 1561 563 1599 Rhen.
585 1560 666 1598 XL
682 1572 724 1608 p.
755 1561 840 1598 149
853 1571 905 1608 sq.
935 1555 1051 1612 (βοῦς
1077 1555 1225 1613 λευκή).

434 1626 532 1674 105,
554 1627 576 1663 6
592 1637 646 1672 sq.
696 1624 754 1673 Of.
783 1625 931 1664 Vahlen
955 1626 1129 1664 Hermae
1159 1628 1183 1663 t.
1207 1625 1336 1663 XXX
1355 1637 1398 1673 p.
1421 1626 1490 1664 26.
1535 1625 1753 1663 orationem
1783 1625 1947 1664 haberet
1977 1619 2058 1679 (del

311 1685 449 1743 verba)
466 1691 598 1728 Twrn:
623 1702 670 1728 ac
693 1691 845 1728 videtur
863 1701 959 1728 sane
983 1691 1204 1729 orationem
1227 1688 1605 1739 interpretamentum
1628 1692 1740 1729 iuxta
1758 1689 1878 1729 verba
1901 1692 1946 1729 in
1970 1703 2056 1729 ora-

310 1756 466 1794 tionum
491 1756 653 1794 abiisse:
671 1756 773 1804 quod
790 1767 878 1793 vero
889 1754 939 1793 A.
950 1755 1016 1803 Sp.
1037 1756 1090 1794 ad
1109 1755 1228 1794 verba
1248 1767 1293 1794 ex
1310 1767 1387 1793 usu
1405 1756 1597 1794 communi
1621 1755 1770 1794 faceret
1786 1757 1920 1804 potius
1938 1767 2056 1804 quam

309 1820 473 1859 haberet
486 1821 729 1864 desideravit,
751 1821 797 1867 cf.
809 1819 886 1858 C'ic.
901 1821 938 1859 d.
952 1832 1029 1868 rep.
1041 1821 1105 1859 VI
1116 1822 1141 1859 9
1155 1816 1389 1873 (multisque
1401 1819 1531 1859 verbis
1550 1820 1657 1859 ultro
1677 1821 1855 1869 citroque
1875 1815 2054 1874 habitis).

434 1892 529 1941 105,
544 1892 582 1930 8.
613 1891 708 1930 Noli
727 1893 916 1939 corriqere
940 1891 1197 1943 legabantur:
1221 1904 1315 1930 nam
1339 1891 1460 1930 simili
1484 1892 1595 1930 modo
1619 1891 1808 1942 leguntur
1827 1893 1882 1930 est
1898 1892 1968 1937 80,
1988 1892 2054 1930 13.

311 1958 374 1996 De
398 1958 587 1996 sententia
613 1957 659 2005 cf.
686 1969 785 2006 quae
812 1957 960 1995 Vahlen
983 1951 1110 1994 Enn.²
1126 1969 1169 2005 p.
1198 1958 1285 1995 108
1308 1958 1519 1995 adnotavit.

433 2023 530 2071 105,
553 2024 619 2061 12.
656 2022 714 2070 Of.
734 2023 955 2061 Mommsen
981 2019 1176 2060 ‘Staatsr.'
1203 2022 1287 2059 III
1309 2025 1332 2060 1
1352 2035 1395 2070 p.
1418 2024 1514 2060 411.

432 2089 528 2136 106,
549 2089 587 2125 4.
618 2089 695 2125 rite
720 2087 873 2126 velatos
899 2087 1005 2126 Ellis
1029 2087 1052 2125 l.
1079 2098 1108 2125 s.
1134 2099 1164 2126 s.
1183 2100 1225 2135 p.
1253 2089 1351 2126 363.
1382 2088 1470 2126 tute
1494 2087 1646 2125 velatos
1674 2086 1969 2126 Gundermcmn.

433 2155 529 2202 106,
552 2155 617 2192 10.
660 2152 719 2201 Of.
748 2153 896 2204 Vahlen
919 2147 1047 2190 Ewn.53
1062 2165 1105 2200 p.
1128 2153 1339 2190 XXXIII
1340 2166 1355 2199 ,·
1377 2152 1535 2191 Schulee
1560 2153 1583 2190 l.
1609 2164 1639 2190 s.
1663 2163 1694 2190 s.
1712 2164 1755 2200 p.
1784 2153 1867 2190 474
1895 2152 1986 2190 adm.
2015 2154 2052 2191 4.

431 2220 526 2268 107,
548 2220 571 2256 6
586 2230 640 2266 sq.
674 2230 697 2256 a
723 2217 811 2266 (pro
838 2219 877 2256 et
900 2218 1047 2256 secluso
1067 2229 1092 2256 a
1109 2217 1195 2266 Sp.)
1216 2217 1391 2255 duellum
1403 2217 1637 2256 Lachmann
1654 2218 1846 2265 probante
1865 2211 2052 2256 Vahleno²

301 2296 344 2332 p.
367 2284 464 2329 195,
490 2284 591 2332 quod
615 2283 723 2321 nullo
747 2283 860 2321 modo
885 2283 1041 2331 sufficit.
1080 2283 1294 2332 perduellis
1313 2294 1390 2331 pro
1415 2282 1662 2333 perduellum
1686 2283 1822 2330 firmat
1845 2282 1893 2320 L.
1913 2282 2053 2331 Lanqe

309 2346 390 2387 ‘Kl
410 2345 619 2396 Schriften'
647 2349 705 2386 II
715 2361 758 2397 p.
780 2349 867 2386 366
893 2349 983 2386 adn.

429 2422 524 2469 107,
547 2421 585 2459 8.
620 2419 679 2468 Of.
709 2419 864 2458 Gundel
888 2420 934 2457 de
959 2419 1053 2457 stell.
1080 2419 1216 2467 appell.
1244 2421 1279 2457 et
1300 2419 1407 2467 reliq.
1426 2418 1475 2457 R.
1502 2415 1857 2467 (Reliqionsyesch.
1881 2419 1987 2457 Vers.
2011 2431 2052 2457 u.

316 2482 493 2524 Vorarb?
520 2486 605 2523 III
627 2484 767 2523 Gissae
795 2483 928 2532 1907)
947 2496 991 2532 p.
1018 2485 1075 2522 83
1096 2483 1220 2532 (175)
1234 2495 1312 2533 sqq.

432 2558 528 2605 107,
552 2557 617 2594 13.
663 2555 721 2604 Of.
751 2559 843 2604 post
866 2555 1147 2593 Buechelerum
1174 2552 1278 2594 ‘Jen.
1298 2552 1457 2594 Lit.-Z.'
1485 2566 1520 2593 a.
1550 2555 1664 2593 1874
1691 2566 1734 2603 p.
1763 2556 1847 2592 610
1883 2557 1918 2592 et
1940 2555 2049 2595 Mus.

305 2622 427 2660 Rhen.
456 2621 585 2659 XXX
599 2633 642 2670 p.
670 2622 756 2659 446
787 2620 945 2659 Schulee
979 2621 1001 2659 l.
1028 2633 1058 2658 s.
1084 2632 1114 2659 s.
1142 2633 1184 2669 p.
1213 2622 1351 2665 462,3
1386 2619 1441 2668 (et
1464 2621 1530 2666 18,
1543 2619 1602 2668 2).
1636 2641 1692 2646 —
1728 2619 1786 2667 Of.
1813 2621 1907 2667 post
1937 2620 2050 2658 Twrn

305 2687 354 2725 L.
374 2686 556 2725 Schwabe
580 2686 819 2725 Fleckeiseni
843 2686 989 2724 Annal.
1019 2685 1082 2724 01
1114 2686 1168 2733 (a.
1198 2685 1330 2732 1870)
1360 2698 1402 2733 p.
1431 2685 1580 2733 35osq.
1615 2697 1786 2733 quaeque
1815 2685 1858 2722 in
1889 2685 2051 2724 eamdem

305 2753 533 2791 sententiam
552 2752 718 2799 protulit
741 2751 944 2789 Baehrens
968 2751 1021 2788 ad
1049 2750 1245 2789 Catullum
1271 2753 1306 2788 et
1330 2750 1486 2789 Gwndel
1511 2751 1533 2788 l.
1547 2761 1578 2788 s.
1591 2761 1620 2787 s.
1633 2762 1675 2798 p.
1689 2751 1742 2797 9(
1748 2748 1864 2798 101).
1905 2749 2049 2793 Contra

306 2818 478 2856 alterum
502 2830 654 2866 vesper,
678 2817 720 2854 id
749 2818 808 2855 est
835 2829 951 2865 quem
976 2815 1112 2854 dicunt
1138 2815 1277 2854 Graeci
1303 2813 1522 2864 διεσπέριον
1548 2815 1641 2853 Birt
1664 2815 1772 2852 Mus.
1791 2814 1913 2853 Rhen.
1939 2814 2051 2852 LIX

306 2887 361 2936 (a.
391 2882 523 2931 1904)
543 2894 585 2930 p.
603 2883 688 2920 408
701 2893 754 2931 sq.
781 2882 915 2920 collato
940 2881 1197 2920 Lachmanno
1224 2877 1440 2918 ‘Kl.Schr.'
1462 2880 1520 2917 II
1530 2891 1572 2927 p.
1590 2881 1673 2917 191
1688 2890 1741 2926 sq.
1768 2873 1853 2931 (qui
1878 2879 2048 2918 alterum

304 2959 443 2996 vesper
469 2943 610 3000 adest).
648 2945 776 2996 Atque
799 2947 842 2985 id
867 2949 927 2985 est
952 2947 1101 2986 dudum
1119 2945 1292 2995 Scaliyer
1310 2947 1501 2989 suaserat,
1527 2956 1762 2992 quamquam
1786 2944 1826 2981 id
1853 2946 1914 2983 est
1936 2946 2048 2983 iuxta

305 3025 423 3061 quem
449 3011 589 3050 Graeci
624 3012 760 3050 dicunt
794 3013 969 3059 offendit,
1002 3023 1070 3050 nec
1103 3012 1319 3059 suspicione
1352 3013 1456 3049 caret
1489 3007 1721 3062 διεσπέριον,
1755 3009 1857 3058 quod
1888 3010 2050 3048 minime
