2176 3386
354 120 442 163 254
1037 122 1414 159 ADNOTATIONES

477 235 545 283 30,
568 234 620 272 16
635 245 690 283 sq.
734 246 886 284 apruno
911 245 990 273 non
1014 235 1246 274 mutandum
1278 237 1402 274 censet
1424 235 1508 281 Sia,
1535 248 1686 287 apruno
1719 248 1838 286 porco
1872 237 1914 275 in
1937 237 2101 278 dialeoto
2157 228 2160 233 ¹

356 299 491 346 aliqua
515 299 650 338 itabioa
675 317 719 328 =
746 294 968 352 apru(g)na
991 313 1112 349 porca
1138 312 1217 339 esse
1235 311 1361 349 posse.
1397 300 1572 340 Ceterum
1597 301 1645 348 cf.
1671 302 1815 340 Planta
1840 298 2034 347 ‘ermm
2059 303 2099 342 d.

356 364 575 402 oskffinbr.
602 361 727 403 maz?
754 365 811 402 II
824 376 868 412 p.
898 365 992 403 593.
1952 357 1957 363 '

474 436 542 483 31,
565 438 600 473 1.
635 434 694 483 Cf.
715 436 807 474 Keil
830 437 874 474 in
898 448 929 474 r.
955 449 986 474 r.
1013 437 1069 474 Il
1090 438 1130 482 4,
1151 438 1207 474 17
1225 448 1267 485 p.
1291 438 1386 475 166.

475 507 542 555 31,
564 508 601 545 2.
637 506 696 554 Of.
711 507 885 552 Bleclier,
905 506 952 545 de
972 509 1102 556 extisp.
1118 504 1473 557 (Reliyimisyeseh.
1490 509 1595 547 Vers.
1609 521 1647 546 u.
1663 505 1904 548 Vorarb.’II
1914 507 2100 559 [1905])

347 583 392 619 p.
421 572 474 609 50
500 570 612 620 [220
624 570 716 621 sq.],
742 573 904 611 Kretzer
938 573 984 611 de
1009 573 1175 611 Roman.
1202 573 1331 612 vocab.
1358 574 1501 621 pontif.
1529 584 1572 621 p.
1601 574 1657 612 57
1681 573 1766 622 (qui
1794 573 2025 613 O'orssenwm
2049 569 2098 612 1²

346 648 388 684 p.
420 637 504 675 509
528 637 729 686 sequitur).

475 709 541 757 31,
565 709 600 746 3.
640 707 804 747 Accium
828 710 896 746 leoc
920 710 1120 757 scripsisse
1145 721 1232 748 cum
1256 710 1388 748 minus
1405 709 1609 757 probabile
1634 711 1760 748 visum
1783 711 1846 755 sit,
1871 710 1953 748 iam
1973 709 2099 748 Osan-

353 784 429 810 nus
453 773 573 811 Anal.
600 775 680 812 crit.
700 786 742 822 p.
773 776 827 811 66
852 774 992 812 Ateius
1010 775 1217 823 proposuit
1247 776 1441 823 refutante
1464 775 1679 822 Muellero;
1711 775 1758 823 cf.
1781 775 1937 815 Willers
1961 775 1995 813 l..
2010 786 2041 813 3.
2066 786 2097 814 s.

345 849 389 886 p.
420 840 476 876 10
488 850 561 886 sq„
586 839 903 888 Krieyshanmier
921 852 963 888 p.
993 841 1064 886 97,·
1088 841 1254 888 fortasse
1278 840 1524 889 coyitcmdum
1549 839 1595 879 de
1612 841 1885 889 pragmaticon
1909 840 2030 879 libris.
2052 837 2059 845 ⁸

473 910 540 958 31,
564 911 599 948 7.
635 910 694 958 Of.
722 911 774 948 ad
793 923 834 958 p.
861 912 931 956 31,
953 912 1019 949 13.
1615 955 1619 957 μ

479 976 546 1023 31,
568 975 604 1013 8.
647 975 724 1014 nisi
751 975 855 1024 quod
880 977 936 1014 sic
961 978 1111 1014 tantum
1135 976 1301 1025 intelleyi
1317 977 1454 1024 potest,
1478 979 1523 1014 ut
1541 977 1668 1016 Varro
1692 976 1867 1016 dicturus
1891 977 1968 1015 nisi
1993 976 2100 1027 quod

353 1041 510 1091 signum
538 1070 545 1078 .
573 1071 581 1078 .
610 1071 617 1078 .
645 1052 739 1079 voce
774 1039 855 1089 dat,
891 1040 998 1079 canis
1024 1040 1165 1090 dictus,
1196 1042 1243 1079 ut
1274 1034 1375 1080 tuba.
1399 1043 1440 1079 et
1465 1053 1612 1079 cornua
1638 1072 1646 1079 .
1674 1072 1681 1079 .
1710 1071 1716 1079 .
1745 1053 1884 1080 canere
1909 1042 2099 1080 dicuntur

353 1117 442 1144 mox
467 1106 739 1154 interposuerit
761 1109 808 1144 ut
831 1105 928 1143 tuba
955 1118 983 1144 e.
1003 1119 1036 1155 q.
1055 1117 1086 1144 s.
1111 1105 1270 1155 ideoque
1292 1107 1474 1154 receperit
1498 1106 1604 1156 quod
1628 1106 1693 1144 hic
1716 1107 1824 1146 item.
1856 1106 1912 1145 At
1934 1107 2100 1146 alterum

353 1170 458 1220 quod
483 1171 591 1209 nullo
616 1171 728 1209 modo
753 1170 909 1220 defendi
927 1174 1062 1219 potest,
1086 1184 1135 1210 ne
1159 1172 1314 1211 dicatur
1337 1173 1383 1210 ut
1407 1171 1504 1211 tuba
1530 1184 1576 1210 ac
1596 1183 1755 1221 cornua,
1774 1171 1879 1222 quod
1900 1166 1978 1225 (vel
1996 1184 2098 1222 quae

353 1247 439 1274 cum
465 1230 553 1289 Sp.)
581 1267 588 1274 .
617 1267 624 1274 .
652 1267 660 1275 .
687 1248 826 1275 canere
864 1237 1059 1287 dicuntur,
1086 1258 1141 1263 —
1169 1249 1285 1276 canes
1320 1237 1428 1275 dieta
1441 1237 1456 1275 !
1495 1237 1588 1275 Iam
1621 1236 1857 1276 noctulucus
1892 1233 1965 1289 [sic
1997 1238 2100 1277 inter

351 1302 434 1340 alia
456 1301 568 1340 Turn
594 1314 680 1340 cum
703 1302 786 1350 ipso
805 1300 866 1352 F]
898 1304 934 1341 si
964 1303 1208 1341 retinendum
1234 1305 1288 1341 est
1310 1323 1360 1328 —
1382 1313 1503 1350 neque
1527 1301 1643 1350 facile
1667 1313 1754 1340 omn
1772 1302 1970 1350 plerisque
1993 1313 2096 1341 mero

353 1368 477 1405 errori
513 1368 664 1406 tribuas
701 1378 827 1406 vocem
866 1369 1095 1416 exquisitam
1131 1389 1189 1394 —
1227 1363 1473 1406 ‘noctulucus
1516 1367 1558 1405 in
1608 1363 1804 1406 custodia'
1842 1379 1886 1406 eoe
1920 1370 2098 1416 poemate

352 1433 520 1482 quodam
568 1433 743 1480 repetivit
787 1433 923 1473 Varro.
984 1432 1160 1472 Ceterum
1202 1435 1249 1482 cf.
1284 1433 1457 1478 Gundel,
1500 1434 1547 1472 de
1593 1433 1795 1471 stellarum
1843 1433 2100 1481 appellatione

351 1501 385 1536 et
431 1499 615 1547 reliyione
662 1498 846 1537 Romana
906 1496 1259 1547 (Reliyionsqeseh.
1319 1499 1424 1537 Vers.
1476 1511 1515 1537 u.
1567 1495 1744 1537 Vorarb.'
1789 1498 1873 1536 III
1914 1496 2097 1548 [1907])

341 1575 383 1612 p.
412 1562 681 1613 36[128]sq.
1267 1582 1270 1585 ⁴

472 1636 540 1683 31,
563 1636 626 1674 13.
678 1635 933 1673 mulierculae
974 1647 1060 1673 cum
1089 1635 1334 1684 Rossiynolio
1369 1632 1526 1673 ‘Journ
1559 1635 1626 1674 des
1658 1631 1756 1673 sav.'
1791 1635 1905 1673 1834
1932 1646 1976 1682 p.
2012 1634 2095 1672 561

350 1702 465 1738 etiam
489 1700 660 1738 Mueller
683 1701 726 1738 in
751 1701 853 1738 Fest.
873 1712 916 1748 p.
944 1700 1103 1746 XLIV,
1128 1702 1244 1738 recte:
1270 1712 1348 1748 qua
1372 1701 1522 1738 ratione
1545 1711 1624 1738 non
1648 1700 1760 1738 modo
1783 1700 2006 1738 vindicatur
2029 1700 2099 1738 hoc

349 1766 429 1804 loco
464 1768 504 1804 et
545 1766 684 1804 leaena
718 1766 767 1804 ab
792 1765 842 1804 A.
856 1764 922 1813 Sp.
958 1766 1134 1811 deletum,
1167 1777 1302 1804 verum
1336 1766 1452 1804 etiam
1485 1766 1739 1813 confirmatur
1769 1765 1985 1804 coniectura
2018 1776 2097 1813 qua

350 1843 474 1879 supra
501 1831 659 1870 catulus
684 1832 885 1880 repetitum
910 1832 1170 1870 servavimus:
1187 1831 1419 1879 praesertim
1445 1842 1532 1870 cum
1558 1833 1592 1869 et
1615 1831 1831 1869 testimonia
1855 1831 2039 1869 adiuvent
2063 1832 2098 1868 et

350 1897 495 1935 diserta
521 1897 600 1935 cati
636 1898 738 1935 notio
763 1908 881 1944 quam
906 1900 1003 1935 recte
1028 1896 1300 1935 desiderarunt
1334 1908 1378 1935 ex
1401 1897 1498 1944 ipsis
1521 1896 1742 1934 nominibus
1767 1895 1942 1941 accedat,·
1975 1906 2097 1943 neque

350 1963 503 2001 obstant
526 1973 625 2010 quae
658 1962 802 2011 Woelff
805 1962 909 2000 linus
935 1962 1126 2000 contendit
1149 1960 1267 2000 Aren.
1293 1962 1349 1999 II
1364 1973 1405 2009 p.
1428 1963 1511 2000 324
1521 1975 1533 1998 .·
1557 1973 1652 2000 nam
1675 1963 1719 1999 ut
1742 1962 1940 1999 mittamus
1965 1971 2097 2000 errare

342 2029 516 2076 potuisse
536 2027 763 2073 Varronem,
788 2027 882 2076 quid
906 2028 1076 2075 impedit,
1104 2028 1254 2066 etiamsi
1275 2026 1438 2065 Catulus
1459 2026 1663 2065 descendat
1687 2039 1711 2064 a
1731 2027 1854 2070 catus,
1880 2037 1928 2064 ne
1953 2026 2097 2074 aliquis

347 2094 459 2132 ludat
493 2105 581 2131 cum
615 2093 781 2131 catulo?
830 2093 1005 2132 Ceterum
1041 2093 1173 2131 eadem
1206 2094 1358 2131 ratione
1390 2093 1504 2131 etiam
1528 2089 1556 2141 5
1583 2092 1640 2130 95
1664 2094 1710 2130 ut
1736 2123 1743 2129 .
1772 2122 1779 2130 .
1807 2121 1815 2129 .
1842 2090 2022 2141 pedicam
2054 2091 2095 2128 et

347 2159 606 2208 pedisequum
632 2159 939 2206 interponuntur.

467 2231 535 2278 31,
558 2231 624 2269 20.
657 2231 813 2268 mutata
831 2232 922 2278 post
945 2230 1044 2268 alios
1070 2229 1240 2278 defendit
1258 2229 1359 2267 Boot
1384 2229 1408 2269 l.
1427 2240 1455 2266 3.
1476 2239 1527 2267 3..·
1552 2231 1594 2267 at
1617 2229 1664 2277 cf.
1684 2227 1830 2266 Sclzoell
1855 2229 1896 2266 in
1914 2225 1999 2265 Act.
2018 2237 2094 2265 soc.

338 2296 439 2344 phil.
464 2295 576 2343 Lips.
607 2295 668 2334 VI
681 2307 725 2343 p.
753 2297 790 2333 7.

467 2361 534 2410 32,
557 2361 580 2398 6
595 2372 648 2410 sq.
685 2360 744 2409 Of.
766 2361 988 2400 Wilmanns
1006 2373 1048 2409 p.
1079 2362 1131 2398 64
1159 2361 1249 2399 adn.
1276 2361 1314 2399 2.

468 2426 535 2475 32,
560 2428 624 2464 12.
657 2425 781 2478 ράδιξ,
808 2427 909 2473 quod
935 2426 1061 2465 Varro
1085 2427 1201 2473 finxit
1218 2425 1432 2473 antiquitus
1456 2425 1559 2462 idem
1578 2435 1624 2462 ac
1642 2421 1822 2475 ῥάφανος
1840 2422 2092 2471 siqnificasse‚

345 2503 425 2530 non
451 2491 619 2529 tolerans
644 2492 742 2529 Mue
766 2503 906 2540 rapum
934 2492 1106 2529 correxit.
1143 2490 1202 2538 Of.
1232 2489 1314 2528 ΤΘ.
1341 2501 1371 2529 3.
1396 2489 1509 2528 radix
1535 2491 1570 2528 et
1593 2488 1715 2527 lexica
1736 2499 1888 2537 yraeca.

467 2558 535 2604 32,
559 2558 624 2594 14.
660 2555 719 2605 Of.
748 2556 967 2605 Woelfflini
990 2555 1106 2594 Arch.
1133 2556 1204 2593 IX
1218 2567 1260 2603 p.
1290 2557 1326 2593 9.

466 2623 532 2672 32,
556 2623 621 2659 17.
654 2617 927 2673 p<r>as[s]ica
952 2621 1058 2660 Ellis
1082 2622 1106 2659 l.
1132 2633 1163 2659 s.
1188 2632 1217 2659 3.
1237 2633 1280 2669 p.
1309 2620 1404 2659 356.

466 2688 533 2735 32,
554 2689 621 2726 20.
654 2689 699 2724 ut
725 2688 973 2725 curvimeres.
1005 2687 1103 2725 dicti
1126 2687 1279 2725 fructus
1305 2686 1391 2724 dist.
1422 2685 1559 2729 Oanal,
1585 2695 1664 2722 non
1687 2684 1798 2721 male.

466 2753 533 2800 32,
555 2754 621 2790 21.
654 2764 753 2801 quas
778 2752 923 2790 fundus
950 2754 989 2789 et
1015 2747 1265 2803 [e]a[e]quae
1289 2752 1333 2789 in
1357 2751 1479 2789 fundo
1506 2749 1638 2790 Grotlz.

465 2819 532 2866 33,
555 2819 605 2855 11
623 2829 676 2864 sq.
727 2817 833 2865 Quae
864 2818 910 2856 de
940 2829 1064 2868 grano
1099 2817 1225 2855 Varro
1251 2816 1343 2855 dicit
1371 2815 1485 2854 valde
1509 2816 1692 2853 obscura:
1715 2824 1783 2852 nec
1812 2814 1849 2852 si
1878 2824 1965 2851 cwm
1994 2824 2090 2851 non-

344 2883 464 2921 nullis
477 2882 622 2922 κόκκον
636 2883 903 2921 substituimus
922 2883 1155 2927 declaratur,
1174 2883 1240 2929 qui
1260 2884 1340 2920 tam
1359 2881 1590 2928 confidenter
1602 2881 1727 2918 dicere
1738 2879 1910 2927 potuerit
1926 2877 2030 2916 unde
2047 2876 2090 2915 id

344 2948 494 2986 dictum
520 2947 597 2985 nisi
617 2978 624 2986 .
648 2978 656 2986 .
677 2979 684 2986 .
725 2948 821 2987 Vide
844 2960 941 2986 num
964 2949 1039 2986 huc
1061 2948 1190 2995 facere
1207 2947 1333 2995 possit
1351 2946 1536 2994 Hesycbii
1556 2945 1687 2994 ,qlossa
1705 2941 1867 2996 γέρανος
1888 2973 1895 2981 .
1918 2973 1926 2981 .
1947 2973 1955 2981 .
1976 2940 2089 2995 ὄργα-

346 3027 419 3051 νον
458 3012 616 3059 ξύλινον
646 3011 689 3051 ἐν
721 3003 751 3065 ᾧ
778 3011 992 3052 κόπτουσιν
1024 3012 1065 3051 οἱ
1097 3009 1348 3062 ἀλφιτοποιοὶ
1384 3009 1430 3049 τὰ
1467 3007 1622 3060 ἄλφιτα,
1659 3009 1727 3047 ubi
1760 3009 1944 3047 accedunt
1979 3007 2091 3056 apud
