2144 3340
774 115 1146 155 PROLEGOMENA
1734 114 1797 151 XL
1802 114 1870 150 VII

105 231 254 289 Atque
279 230 453 275 octavi
482 229 621 284 libri,
647 242 732 285 quo
765 229 946 271 contra
977 226 1270 283 analogiam
1298 225 1557 281 disputatur,
1582 224 1721 280 prima
1746 226 1868 280 parte

106 302 296 363 (1—24)
335 303 547 345 tractatus
579 300 828 343 continetur
859 314 884 342 a
913 299 1091 354 reliquis
1128 311 1215 340 non
1248 312 1334 340 una
1365 311 1411 340 re
1443 297 1709 352 discrepans,
1741 310 1868 352 quem

107 389 161 420 ex
184 376 328 419 mente
359 372 627 430 analogistae
659 372 807 428 potius
833 385 963 427 quam
996 369 1229 412 adversarii
1256 368 1480 426 analogiae
1504 368 1749 425 profectum
1777 381 1870 411 esse

108 449 153 492 et
201 446 277 490 alii
319 444 521 488 viderunt
569 446 613 487 et
656 442 974 487 Roehrscheidt
1022 441 1067 484 in
1111 454 1289 484 censura
1338 439 1439 482 libri
1484 438 1870 483 Reitzensteiniani

107 516 264 576 (³G6tt.
285 515 374 561 Gel.
393 515 516 559 Anz.’
546 513 681 573 1908)
707 529 748 571 p.
777 514 861 557 797
878 528 972 570 sqq.
1004 513 1223 556 luculente
1255 512 1456 555 ostendit.
1506 510 1724 554 Nimirum
1756 510 1867 559 hanc

107 590 315 648 isagogen
354 602 441 631 non
483 586 624 632 octavi
664 586 764 630 libri
807 599 914 641 esse,
955 585 1028 628 sed
1068 584 1203 627 totius
1245 583 1296 626 de
1338 583 1540 640 analogia
1570 586 1614 625 et
1653 582 1869 625 anomalia

108 660 415 717 disputationis
447 660 532 702 iam
557 658 740 702 Mueller
770 657 907 714 probe
937 656 1168 713 perspexit.
1219 654 1337 706 Quae
1369 658 1521 698 octavo
1553 654 1664 697 libro
1697 654 1869 697 demon-

109 733 237 777 strari
275 733 472 776 voluerat
503 730 657 785 Varro,
699 744 846 772 eorum
888 728 1062 771 initium
1095 743 1120 769 a
1149 726 1423 784 paragrapho
1456 725 1513 769 25
1554 727 1670 769 fecit.
1732 725 1871 769 Docet

111 806 255 848 autem
287 817 377 846 cur
407 805 452 846 et
482 803 534 845 in
565 816 664 858 quo
695 801 852 844 verba
884 800 1148 843 declinata
1178 799 1302 854 sint3
1333 798 1486 840 deinde
1512 798 1564 841 de
1595 798 1763 854 ipsius
1789 797 1868 840 de-

109 875 417 920 clinationis
455 874 734 932 generibus
772 872 988 927 duobus,
1024 870 1324 915 voluntario
1356 872 1405 913 et
1443 870 1689 925 naturali,
1719 869 1869 926 paucis

111 947 317 1005 disputat.
366 946 476 989 Tum
502 946 661 989 transit
686 945 739 987 ad
773 959 822 987 ea
854 958 982 1000 quae
1014 945 1197 986 contra
1228 941 1519 999 analogiam
1553 941 1637 984 dici
1668 943 1871 998 possunt3

110 1022 154 1063 et
179 1020 321 1076 priore
347 1018 518 1075 quidem
547 1019 669 1074 parte
696 1016 801 1059 dicit
826 1018 977 1059 contra
1001 1015 1294 1058 universam
1322 1013 1614 1070 analogiam
1641 1011 1871 1070 (25—43),

111 1091 248 1134 altera
275 1090 327 1133 de
359 1089 584 1147 singulis
615 1087 856 1145 partibus
888 1085 1117 1145 (44—84).
1169 1084 1331 1129 Contra
1355 1085 1600 1127 universam
1627 1084 1870 1141 analogiam

114 1176 223 1218 quae
254 1161 456 1204 dicuntur
487 1164 562 1204 aut
602 1175 655 1203 ex
696 1159 933 1202 utilitate
970 1158 1203 1215 repetenda
1234 1160 1347 1213 sunt,
1380 1171 1488 1212 quae
1520 1156 1870 1212 aequabilitatem

113 1234 290 1276 minime
323 1233 534 1276 desideret
560 1230 794 1290 (26—30),
826 1234 901 1273 aut
931 1245 984 1273 ex
1015 1229 1294 1286 elegantia,
1326 1228 1392 1270 cui
1424 1228 1490 1271 vel
1527 1228 1666 1285 magis
1698 1242 1872 1284 respon-

115 1306 213 1348 deat
250 1304 536 1361 inaequalitas
569 1303 658 1362 (31.
692 1301 789 1358 32),
820 1305 896 1345 aut
928 1316 979 1344 ex
1011 1300 1404 1355 consuetudine,
1437 1314 1547 1355 quae
1579 1315 1678 1343 cum
1709 1301 1872 1356 regnet,

114 1376 314 1433 analogia
343 1390 431 1418 non
463 1389 572 1431 opus
598 1389 689 1417 esse
715 1373 826 1432 (33),
857 1378 932 1417 aut
963 1388 1015 1416 ex
1046 1372 1328 1427 contrario,
1360 1371 1477 1427 quod
1509 1371 1638 1414 etia-m
1671 1387 1724 1414 ex
1749 1372 1872 1414 dissi-

112 1448 289 1492 milibus
321 1462 448 1503 saepe
478 1447 625 1489 eadem
658 1446 766 1488 fiant
797 1443 1028 1503 (34—36),
1059 1446 1135 1487 aut
1167 1459 1219 1486 ex
1250 1457 1300 1486 eo
1327 1443 1456 1499 quod,
1487 1458 1596 1486 cum
1630 1443 1872 1499 analogia

113 1533 214 1563 non
245 1519 314 1562 sit
343 1518 553 1574 ubique,
585 1518 792 1561 omnino
818 1531 918 1560 non
950 1517 1019 1559 sit
1044 1515 1134 1574 (37.
1161 1514 1252 1573 38),
1277 1518 1353 1558 aut
1378 1514 1561 1570 denique
1588 1529 1640 1557 ex
1667 1529 1717 1557 eo
1744 1514 1872 1571 quod,

114 1605 224 1648 quae
264 1590 540 1647 proferantur
571 1589 623 1632 de
664 1588 948 1633 similitudine
980 1604 1006 1630 a
1036 1587 1349 1643 defensoribus,
1388 1586 1473 1642 ipsi
1511 1586 1716 1629 notioni
1757 1602 1873 1629 ana-

114 1662 287 1720 logiae
317 1676 496 1719 parum
526 1661 875 1717 respondeant
900 1658 1130 1718 (39—43).
1193 1659 1316 1710 Quod
1348 1659 1402 1701 ad
1434 1658 1668 1715 singulas
1698 1661 1872 1714 partes

115 1735 325 1778 orationis
351 1733 521 1790 attinet,
551 1733 741 1790 primum
771 1732 963 1789 disputat
987 1731 1127 1774 Varro
1161 1731 1212 1774 de
1243 1731 1416 1774 verbis
1448 1730 1750 1786 appellandi
1781 1731 1874 1773 uni-

116 1820 237 1850 verse
262 1804 493 1863 (44—49)‚
520 1805 620 1848 dein
645 1805 697 1847 de
729 1804 972 1862 singulis,
1004 1803 1170 1848 scilicet
1196 1803 1248 1845 de
1272 1801 1640 1859 provocabulis
1667 1801 1756 1860 (50.
1783 1802 1874 1859 51),

115 1878 168 1921 de
192 1877 460 1921 vocabulis
493 1874 722 1935 (52—79)‚
755 1876 806 1919 de
837 1875 1135 1919 nominibus
1167 1873 1397 1932 (80—84).
1449 1873 1612 1930 Cetera,
1638 1874 1690 1917 de
1715 1874 1872 1929 quibus

116 1949 168 1992 cf.
194 1949 484 1992 Reitzenstein
516 1964 557 2005 p.
584 1947 655 2003 50,
686 1950 856 2004 praeter
885 1962 1025 2004 pauca
1055 1947 1310 2003 fragmenta,
1342 1961 1451 2002 quae
1478 1944 1642 1989 Gellius
1675 1945 1874 1999 servavit,

117 2020 271 2064 lacuna
296 2019 495 2063 abstulit:
523 2019 730 2077 agebatur
755 2019 807 2062 de
832 2019 1007 2062 verbis
1033 2018 1254 2074 dicendi,
1279 2017 1321 2060 h.
1349 2031 1381 2060 e.
1409 2032 1519 2073 quae
1542 2017 1719 2073 proprie
1743 2016 1875 2059 verba

118 2093 405 2148 appellamus,
441 2090 689 2148 iungendi
727 2093 777 2133 ut
813 2105 890 2146 que
921 2088 1037 2148 (44),
1066 2090 1108 2132 h.
1136 2104 1168 2132 e.
1202 2090 1254 2132 de
1287 2088 1678 2143 coniunctionibus,
1718 2087 1875 2130 admi-

117 2162 386 2207 niculandi
417 2165 466 2206 ut
497 2163 609 2206 docte
638 2166 682 2205 et
711 2162 930 2218 commode,
960 2161 1000 2204 h.
1028 2176 1060 2204 e.
1094 2161 1146 2203 de
1177 2160 1401 2203 adverbiis.

241 2234 452 2278 Octavum
483 2233 644 2277 librum
675 2237 847 2289 praeter
870 2234 1038 2290 priores
1069 2232 1363 2290 paragraphos
1393 2232 1537 2274 1-24
1569 2231 1794 2274 eiusdem
1825 2233 1876 2273 et

119 2308 323 2364 generis
365 2321 474 2350 esse
515 2308 564 2349 et
603 2306 784 2361 fontis,
826 2304 991 2348 scilicet
1030 2305 1084 2347 ab
1116 2303 1243 2347 Aelio
1276 2303 1443 2347 Stilone
1485 2318 1576 2347 esse
1615 2302 1876 2358 transcripta

122 2381 290 2422 tantum
315 2392 403 2421 non
430 2379 586 2433 omnia,
610 2377 902 2421 Reitzenstein
927 2392 969 2434 p.
989 2376 1041 2419 51
1061 2391 1152 2432 sqq.
1178 2377 1317 2419 fusius
1341 2375 1526 2432 probare
1553 2374 1729 2417 studuit.
1762 2373 1874 2424 Quid

121 2450 236 2506 quod
267 2449 404 2507 ipsius
436 2448 550 2492 Aelii
581 2463 739 2492 nomen
770 2449 810 2492 ei
842 2448 1039 2491 relietum
1073 2462 1164 2491 esse
1195 2448 1367 2490 videtur
1396 2447 1442 2490 in
1472 2446 1615 2490 verbis
1647 2446 1734 2489 illis
1767 2459 1875 2501 quae

120 2523 290 2564 exstant
330 2520 600 2577 paragrapho
634 2520 687 2562 81
729 2519 897 2577 (quodsi
927 2520 994 2562 M.
1015 2518 1239 2574 Perpenna
1275 2519 1397 2562 virile
1427 2522 1485 2562 est
1514 2531 1662 2560 nomen
1700 2521 1736 2560 et
1773 2532 1876 2560 ana-

121 2593 232 2648 loyia
255 2593 475 2648 sequenda,
493 2592 543 2635 L.
557 2591 685 2635 Aelia
709 2595 748 2635 et
769 2592 812 2646 Q.
828 2591 982 2634 Mucia
1004 2591 1152 2634 virilia
1176 2591 1352 2634 nomina
1377 2604 1462 2633 esse
1486 2587 1718 2645 debdmntfl
1751 2587 1876 2639 Quod

122 2666 422 2721 argumentum
454 2663 595 2707 debile
635 2678 726 2707 esse
766 2678 847 2706 nec
878 2662 1259 2706 Reitzensteinium
1301 2662 1417 2718 fugit
1458 2664 1500 2704 et
1532 2660 1667 2703 Goetz
1708 2660 1877 2703 monuit

121 2738 172 2778 ut
211 2735 256 2778 in
287 2749 467 2778 censura
505 2735 569 2778 ita
598 2734 625 2778 l.
652 2750 682 2778 s.
710 2750 759 2790 s.,
802 2735 904 2778 item
935 2733 1250 2777 Roehrscheidt
1280 2749 1319 2790 p.
1348 2733 1447 2789 810,
1480 2733 1556 2788 qui
1587 2731 1737 2775 eodem
1779 2732 1875 2774 loco

122 2807 270 2850 attulit
295 2809 444 2850 contra
468 2806 852 2850 Reitzensteinium
876 2820 967 2848 rem
1000 2805 1297 2863 gravissimam
1323 2819 1375 2846 ex
1401 2804 1503 2846 libri
1536 2804 1677 2847 octavi
1708 2803 1876 2845 ratione

122 2878 358 2934 repetitam.
421 2877 547 2921 Vidit
583 2878 698 2921 em'm
735 2880 1086 2935 argumentorum
1125 2877 1282 2932 quibus
1320 2876 1460 2919 utitur
1490 2875 1629 2918 Varro
1670 2875 1876 2917 maiorem

124 2949 297 3006 quidem
322 2952 488 3006 partem
514 2964 567 2992 ex
597 2950 708 2993 libro
735 2948 971 2992 defensoris
997 2948 1220 2992 cuiusdam
1246 2947 1485 2990 anomaliae
1511 2962 1603 2990 esse
1629 2946 1876 2999 derivatam,

124 3022 332 3063 nonnulla
372 3023 514 3064 autem
554 3021 609 3064 ab
650 3020 891 3078 analogista
930 3035 1022 3063 esse
1063 3023 1236 3076 sumpta
1277 3019 1530 3062 sententiam
1567 3032 1686 3061 suam
1719 3017 1772 3059 ab
1805 3016 1877 3058 ad·
