2176 3386
118 296 341 339 Bokkcmm
360 297 461 343 232,
474 297 522 336 2.·
547 293 647 336 ὅθεν
666 292 732 335 καὶ
751 292 915 349 γεράνια
939 292 985 334 τὰ
1010 290 1157 345 ἄλφιτα
1177 295 1399 334 καλεῖσθαι.
1428 294 1529 333 Mox
1545 292 1674 334 Ganal
1692 293 1878 333 horreum

117 362 170 405 ab
193 362 355 412 hordeo,
379 362 568 402 hordeum
594 360 645 401 ab
669 360 832 401 horrido
850 361 1067 410 proposuit.

238 429 308 479 33,
329 429 396 468 14.
437 439 531 467 nam
556 426 612 466 ibi
639 424 778 478 μελίνη
806 426 864 465 vel
887 438 981 466 nam
1007 425 1038 465 ii
1064 424 1227 477 μελίνην
1253 425 1441 465 Heidrich
1465 423 1576 464 stud.
1605 424 1767 464 Vindob.
1797 424 1878 464 XV

117 494 174 544 (a.
202 493 337 544 1898)
354 505 397 543 p.
425 494 514 533 306
524 504 579 543 sq.

237 566 307 616 33,
327 565 394 605 20.
425 563 578 617 globuli
598 563 760 610 Laetus,
785 563 910 615 glomi
936 562 1125 613 Georyes:
1147 564 1197 613 cf.
1217 563 1317 603 Mae
1340 563 1396 603 ad
1414 563 1518 603 Fest.
1538 575 1581 612 p.
1605 564 1673 608 98,
1687 563 1712 601 4
1734 564 1771 602 et
1787 562 1879 601 Keil

116 632 171 673 ad
196 630 281 673 cat.
306 631 344 671 d.
369 642 452 681 αρν.
478 629 603 670 LXX
614 629 756 669 VIIII
769 642 813 679 p.
837 630 934 669 109.

237 698 306 748 33,
327 698 396 736 21.
427 697 588 736 exuitur
612 707 700 734 cum
718 695 818 734 Mus
841 694 893 734 A.
911 694 999 744 Sp.:
1021 694 1090 734 sed
1113 695 1323 734 rectissime
1350 694 1480 733 Canal
1504 693 1708 733 adnotavit
1734 694 1876 733 Varro-

115 775 205 804 nem
227 763 354 804 videri
387 763 521 802 crusta
546 761 684 800 (lucere
709 773 736 801 a
760 761 868 800 corio
892 762 985 800 usto
1019 759 1087 808 (cf.
1112 760 1219 799 Serv.
1244 761 1288 799 in
1313 758 1411 799 Aen.
1440 760 1478 799 V
1501 760 1578 798 69:
1611 761 1680 808 qui
1712 760 1879 799 crudum

118 827 180 870 ‘ex
202 830 305 869 corio
329 824 490 867 durum’
515 826 711 876 explicat).

0 0 131 247 Γ
804 179 1185 218 ΑΒΝΟΤΑΤΙΟΝΕΒ
1785 178 1873 223 2ὁό

237 900 307 949 33,
327 901 394 939 24.
426 898 567 939 debuit
588 899 671 938 scil.
684 898 872 938 Plautus:
895 909 1008 946 quem
1031 897 1280 948 pulmentum
1306 899 1478 946 formam
1496 897 1631 937 debere
1650 898 1878 946 pastoribus

119 967 274 1017 emonii
306 965 444 1005 Varro.

238 1032 308 1080 34,
329 1032 367 1071 9.
399 1029 619 1070 assudescit
651 1033 695 1069 ut
721 1042 797 1079 per
820 1041 862 1070 se
885 1031 1144 1070 sanisstnmm
1169 1041 1248 1069 esse
1272 1029 1426 1069 videtur
1458 1023 1525 1083 (cf.
1551 1031 1593 1068 ot
1617 1028 1706 1068 ideo
1732 1028 1876 1068 sudan-

117 1098 213 1138 dum
230 1110 265 1137 v.
289 1091 364 1151 10)
382 1098 440 1136 ita
465 1096 653 1146 quomodo
672 1097 871 1136 cohaereat
896 1107 984 1135 cum
1009 1097 1064 1135 eis
1081 1107 1181 1144 quae
1198 1098 1382 1135 secuntur
1401 1107 1515 1144 aeyre
1534 1095 1666 1142 dicax
1689 1095 1758 1134 ubi
1777 1093 1877 1133 suci-

117 1164 213 1204 dum
235 1174 309 1213 pro
334 1162 500 1202 uvidum
525 1162 628 1211 quod
654 1163 862 1211 proposuit
886 1160 936 1201 A.
955 1161 1022 1210 Sp.
1047 1172 1118 1200 nec
1142 1161 1312 1210 quadrat
1347 1164 1380 1199 et
1404 1172 1489 1200 una
1514 1172 1602 1199 cum
1634 1160 1753 1199 butus
1786 1160 1879 1198 libri

119 1228 148 1281 5
170 1230 227 1269 24
251 1229 405 1279 ylossae
429 1227 671 1274 dissuadent,
695 1228 837 1276 quibus
861 1227 1024 1267 uvidum
1054 1239 1130 1276 per
1153 1226 1361 1266 humidum
1386 1226 1613 1276 explicatur.
1655 1225 1880 1265 assudescit

118 1294 161 1335 id
185 1296 247 1334 est
271 1293 426 1334 uvescit
449 1293 553 1342 quod
582 1294 626 1332 in
650 1296 850 1343 apparatu
867 1294 1148 1342 proposuimus
1172 1294 1381 1332 sentcntiae
1405 1292 1731 1331 accommodatius
1755 1291 1879 1340 (unde

118 1361 237 1400 simul
262 1359 479 1409 explicatur
505 1359 698 1399 assuescit
721 1362 810 1399 ante
835 1358 952 1408 corr).

241 1433 310 1481 34,
332 1432 398 1470 16.
445 1431 508 1471 De
538 1431 666 1470 sueris
696 1431 934 1470 nominativo
968 1431 1016 1480 cf.
1036 1430 1218 1471 Heraeus
1236 1429 1355 1470 Arch.
1379 1430 1489 1470 XIV
1499 1443 1542 1479 p.
1566 1431 1651 1470 124
1664 1441 1718 1479 sq.
1739 1452 1798 1457 —
1818 1430 1881 1469 De

122 1497 265 1538 insicis
289 1497 338 1546 cf.
357 1496 573 1536 Bluemner
598 1493 698 1536 ‘Der
722 1493 1040 1546 Maximaltartf’
1060 1508 1104 1546 p.
1127 1496 1195 1536 75.

241 1563 310 1612 35,
331 1563 368 1602 3.
400 1562 480 1602 Pr0
504 1563 548 1602 in
573 1575 620 1602 eo
646 1562 752 1613 quod
777 1562 882 1602 Ellis
907 1563 931 1602 l.
956 1573 987 1602 s.
1012 1574 1042 1602 s.
1063 1575 1105 1611 p.
1133 1562 1223 1602 356
1234 1574 1290 1611 sq.
1316 1561 1407 1602 ideo
1433 1562 1508 1610 (sic
1532 1563 1649 1602 etiam
1676 1561 1805 1602 Oanal
1838 1563 1882 1601 im

125 1628 239 1679 adn.)
266 1628 373 1679 quod
397 1624 534 1680 <sst>.·
558 1639 634 1678 quo
659 1631 788 1668 tamen
813 1640 944 1669 carere
965 1640 1184 1678 posswmus.

244 1695 313 1745 35,
335 1696 402 1734 11.
434 1694 645 1733 Lacunam
669 1706 758 1734 eum
782 1695 882 1734 Mue
906 1694 962 1743 (et
983 1694 1093 1742 Scal)
1120 1705 1331 1744 agnoscens
1354 1693 1419 1743 Sp.
1440 1695 1572 1743 praef.
1592 1706 1633 1742 p.
1661 1694 1789 1732 XXX
1800 1693 1889 1732 VII

124 1761 217 1801 adn.
243 1761 401 1801 coniecit
423 1760 527 1800 cibos
551 1772 598 1800 ex
621 1771 691 1799 ovo
717 1760 904 1810 bulboque
926 1762 1051 1810 factos
1076 1771 1392 1800 commemorasse
1418 1760 1644 1799 Varronem.

245 1827 314 1876 35,
337 1826 403 1865 16.
435 1826 707 1866 velamentum
726 1826 832 1865 Italis
856 1826 881 1866 l.
906 1838 936 1866 s.
963 1838 992 1865 s.
1012 1838 1056 1875 p.
1072 1827 1160 1866 357
1173 1826 1274 1875 (coll.
1287 1826 1492 1866 Hermath.
1513 1838 1549 1865 a.
1573 1827 1689 1865 1899
1706 1838 1751 1875 p.
1764 1824 1885 1874 290).

247 1893 316 1943 35,
336 1893 404 1932 20.
436 1892 715 1943 panuvollium
727 1891 778 1932 A.
791 1891 880 1942 Sp„-
898 1893 1000 1941 quod
1020 1904 1090 1931 cur
1107 1894 1151 1932 in
1169 1892 1448 1943 panuvellium
1469 1893 1671 1931 transierit
1693 1902 1887 1940 apparere

125 1960 225 1997 recte
248 1960 364 2008 neyat
387 1957 563 1997 Solmsen
589 1953 715 1998 ‘Stucl
739 1970 772 1998 z.
798 1958 864 1997 lat.
889 1954 1135 2007 Lautyesch-.'
1155 1969 1198 2006 p.
1222 1960 1289 1998 16.

247 2024 317 2073 35,
337 2024 406 2063 21.
447 2024 557 2063 tuica
584 2022 724 2064 Ganal.
749 2023 904 2063 intuica.
927 2025 987 2063 vel
1020 2024 1174 2063 tuinica
1197 2024 1305 2063 Ellis
1329 2024 1354 2063 l.
1379 2035 1410 2063 s.
1437 2036 1491 2069 s.‚·
1524 2024 1627 2072 quod
1661 2025 1709 2062 ut
1742 2022 1888 2062 induca

128 2089 177 2130 ab
207 2089 406 2129 induendo
430 2089 553 2129 volwlt
576 2089 690 2136 Laet,
715 2090 940 2130 addendum
965 2092 1061 2130 esset
1086 2087 1242 2129 ‘omisso
1267 2091 1388 2129 altero
1414 2085 1579 2129 tunica'.
1620 2087 1744 2139 Apud
1767 2089 1889 2128 Plau-

129 2158 211 2194 tum
237 2155 314 2204 Ep.
340 2155 430 2194 223
454 2155 638 2194 tunicula
661 2156 826 2204 mrepsit
849 2157 894 2194 ut
914 2155 1106 2206 glossema
1133 2150 1333 2209 (tunicula
1358 2150 1637 2209 ind<uc>ula).

250 2226 319 2276 36,
342 2227 379 2264 7.
405 2227 452 2266 ut
475 2226 539 2265 far
562 2226 692 2277 pilum
718 2229 751 2265 et
776 2227 915 2266 feriret
937 2228 1035 2267 mire
1059 2227 1230 2278 Koechly
1257 2227 1394 2276 Opusc.
1421 2227 1478 2265 II
1490 2239 1534 2276 p.
1563 2228 1649 2266 344
1675 2227 1768 2266 adn.

252 2292 321 2341 36,
341 2292 380 2331 8.
415 2291 475 2340 Of.
504 2291 730 2331 Wibmanns
747 2305 791 2341 p.
820 2293 906 2332 130
918 2304 973 2341 sq.

252 2357 322 2407 36,
344 2359 409 2397 10.
451 2357 607 2397 Mirwm
631 2357 812 2399 videatwr
836 2359 939 2408 quod
968 2358 1146 2398 balteum
1182 2371 1270 2398 cwm
1303 2359 1504 2398 bullatum
1529 2359 1790 2407 coniunyitur,
1824 2370 1893 2397 nec

124 2423 256 2472 placet
278 2422 457 2463 balteum
483 2424 705 2473 mmmm,-
731 2435 783 2463 an
809 2424 908 2472 fuit:
932 2420 1034 2477 <ut>
1059 2424 1241 2464 bulteum
1267 2425 1419 2464 dictum
1433 2426 1453 2463 52

255 2489 323 2539 36,
339 2490 406 2528 21.
434 2488 567 2528 troula.
587 2489 708 2528 Twrn.
740 2490 873 2529 trovla
893 2492 1042 2530 tutatur
1050 2491 1144 2530 Birt
1163 2492 1279 2540 suppl
1297 2491 1408 2531 Mus.
1425 2491 1550 2530 Rleen.
1561 2491 1617 2530 52
1628 2502 1670 2539 p.
1681 2491 1783 2529 205.
1811 2490 1906 2529 hinc

134 2553 190 2594 Gr
199 2555 286 2594 aeci
316 2553 520 2606 τρυπήλαν
543 2554 636 2594 Seal
660 2555 741 2595 coll.
763 2555 955 2605 Hesycleio
980 2555 1174 2607 τρυπήλα·
1201 2556 1364 2609 τορύνη.

256 2620 325 2668 37,
348 2620 385 2659 3.
432 2621 632 2671 concipiat
663 2621 744 2660 F‘:
780 2622 882 2669 quod
918 2634 968 2661 nc
1003 2622 1174 2662 Varroni
1210 2622 1397 2662 dat-ems
1434 2622 1506 2661 fiat
1540 2623 1662 2672 effecit
1690 2633 1906 2671 perperam

128 2686 310 2734 positum
337 2685 406 2734 36,
427 2686 464 2725 5.

261 2758 330 2806 37,
350 2758 387 2795 4.
421 2755 508 2796 An:
533 2756 772 2798 diminutive
804 2757 934 2798 dictus
953 2771 1031 2808 pro
1056 2758 1188 2799 dictus
1213 2763 1255 2799 et
1279 2760 1411 2799 dictus
1424 2761 1444 2798 ἓ
1470 2772 1503 2799 v.
1531 2763 1609 2799 test.

265 2823 335 2872 37,
357 2825 423 2862 11.
455 2822 589 2872 pultes
614 2835 640 2862 a
658 2822 721 2861 F·
745 2835 791 2863 ex
814 2821 927 2874 pult&
953 2827 1119 2865 correcto
1142 2836 1192 2865 ne
1216 2827 1385 2865 nimium
1409 2826 1574 2872 tribuas,
1606 2826 1710 2864 idem
1727 2838 1770 2874 p.
1799 2826 1868 2874 40,
1882 2827 1908 2863 4

140 2900 266 2937 supra
302 2883 533 2942 (capillu)m
570 2891 604 2926 et
637 2899 724 2927 corr
758 2892 791 2928 et
825 2889 888 2928 del
921 2902 950 2929 s.
987 2890 1138 2931 Eodem
1163 2893 1347 2940 pertinet,
1382 2892 1485 2940 quocl
1519 2893 1589 2940 41,
1617 2892 1669 2930 14
1706 2903 1800 2930 cous
1829 2901 1910 2939 pro

143 2966 258 2993 coum
284 2954 439 2993 exhibet.

266 3027 335 3074 37,
358 3026 425 3065 13.
469 3025 529 3074 Of.
555 3027 775 3066 Fenestella
800 3027 908 3076 apud
941 3027 1046 3067 Peon.
1074 3027 1284 3067 XXXIII
1309 3029 1396 3067 146
1436 3024 1590 3080 (lances
1625 3039 1723 3078 quas
1749 3028 1909 3078 antiqui

145 3090 322 3143 magides
349 3088 625 3144 vocaverant).
